% MTG
@inproceedings{fang2019modularized,
  title={Modularized Textual Grounding for Counterfactual Resilience},
  author={Fang, Zhiyuan and Kong, Shu and Fowlkes, Charless and Yang, Yezhou},
  booktitle={Proceedings of the IEEE Conference on Computer Vision and Pattern Recognition},
  year={2019}
}

@inproceedings{la1998combining,
  title={Combining textual and visual cues for content-based image retrieval on the world wide web},
  author={La Cascia, Marco and Sethi, Saratendu and Sclaroff, Stan},
  booktitle={cbaivl},
  pages={24},
  year={1998},
  organization={IEEE}
}
@inproceedings{cai2004hierarchical,
  title={Hierarchical clustering of WWW image search results using visual, textual and link information},
  author={Cai, Deng and He, Xiaofei and Li, Zhiwei and Ma, Wei-Ying and Wen, Ji-Rong},
  booktitle={Proceedings of the 12th annual ACM international conference on Multimedia},
  pages={952--959},
  year={2004},
  organization={ACM}
}
@article{paszke2017automatic,
  title={Automatic differentiation in pytorch},
  author={Paszke, Adam and Gross, Sam and Chintala, Soumith and Chanan, Gregory and Yang, Edward and DeVito, Zachary and Lin, Zeming and Desmaison, Alban and Antiga, Luca and Lerer, Adam},
  year={2017}
}
@article{vinyals2017show,
  title={Show and tell: Lessons learned from the 2015 mscoco image captioning challenge},
  author={Vinyals, Oriol and Toshev, Alexander and Bengio, Samy and Erhan, Dumitru},
  journal={IEEE transactions on pattern analysis and machine intelligence},
  volume={39},
  number={4},
  pages={652--663},
  year={2017},
  publisher={IEEE}
}
@inproceedings{you2016image,
  title={Image captioning with semantic attention},
  author={You, Quanzeng and Jin, Hailin and Wang, Zhaowen and Fang, Chen and Luo, Jiebo},
  booktitle={Proceedings of the IEEE conference on computer vision and pattern recognition},
  pages={4651--4659},
  year={2016}
}
@inproceedings{hendricks17iccv, 
        title = {Localizing Moments in Video With Natural Language}, 
        author = {Hendricks, Lisa Anne and Wang, Oliver and Shechtman, Eli and Sivic, Josef and Darrell, Trevor, and Russell, Bryan}, 
       booktitle = {International Conference on Computer Vision (ICCV)}, 
       year = {2017} 
}
@inproceedings{bojanowski2015weakly,
  title={Weakly-supervised alignment of video with text},
  author={Bojanowski, Piotr and Lajugie, R{\'e}mi and Grave, Edouard and Bach, Francis and Laptev, Ivan and Ponce, Jean and Schmid, Cordelia},
  booktitle={Proceedings of the IEEE international conference on computer vision},
  pages={4462--4470},
  year={2015}
}
@article{paul2018w,
  title={W-TALC: Weakly-supervised Temporal Activity Localization and Classification},
  author={Paul, Sujoy and Roy, Sourya and Roy-Chowdhury, Amit K},
  journal={arXiv preprint arXiv:1807.10418},
  year={2018}
}
@article{macwhinney1997second,
  title={Second language acquisition and the competition model},
  author={MacWhinney, Brian},
  journal={Tutorials in bilingualism: Psycholinguistic perspectives},
  pages={113--142},
  year={1997}
}
@inproceedings{ren2015faster,
  title={Faster r-cnn: Towards real-time object detection with region proposal networks},
  author={Ren, Shaoqing and He, Kaiming and Girshick, Ross and Sun, Jian},
  booktitle={Advances in neural information processing systems},
  pages={91--99},
  year={2015}
}
@inproceedings{zitnick2013learning,
  title={Learning the visual interpretation of sentences},
  author={Zitnick, C Lawrence and Parikh, Devi and Vanderwende, Lucy},
  booktitle={Proceedings of the IEEE International Conference on Computer Vision},
  pages={1681--1688},
  year={2013}
}

@inproceedings{kong2017recurrent,
  title={Recurrent scene parsing with perspective understanding in the loop},
  author={Kong, Shu and Fowlkes, Charless C},
  booktitle={Proceedings of the IEEE Conference on Computer Vision and Pattern Recognition},
  pages={956--965},
  year={2018}
}

@book{bird2009natural,
  title={Natural language processing with Python: analyzing text with the natural language toolkit},
  author={Bird, Steven and Klein, Ewan and Loper, Edward},
  year={2009},
  publisher={" O'Reilly Media, Inc."}
}
@inproceedings{mikolov2013distributed,
  title={Distributed representations of words and phrases and their compositionality},
  author={Mikolov, Tomas and Sutskever, Ilya and Chen, Kai and Corrado, Greg S and Dean, Jeff},
  booktitle={Advances in neural information processing systems},
  pages={3111--3119},
  year={2013}
}
@inproceedings{gavrilyuk2018actor,
  title={Actor and Action Video Segmentation from a Sentence},
  author={Gavrilyuk, Kirill and Ghodrati, Amir and Li, Zhenyang and Snoek, Cees GM},
  booktitle={Proceedings of the IEEE Conference on Computer Vision and Pattern Recognition},
  pages={5958--5966},
  year={2018}
}
@inproceedings{hendricks2017localizing,
  title={Localizing moments in video with natural language},
  author={Hendricks, Lisa Anne and Wang, Oliver and Shechtman, Eli and Sivic, Josef and Darrell, Trevor and Russell, Bryan},
  booktitle={Proceedings of the IEEE International Conference on Computer Vision (ICCV)},
  pages={5803--5812},
  year={2017}
}
@inproceedings{farhadi2009describing,
  title={Describing objects by their attributes},
  author={Farhadi, Ali and Endres, Ian and Hoiem, Derek and Forsyth, David},
  booktitle={Computer Vision and Pattern Recognition, 2009. CVPR 2009. IEEE Conference on},
  pages={1778--1785},
  year={2009},
  organization={IEEE}
}
@inproceedings{bergamo2010exploiting,
  title={Exploiting weakly-labeled web images to improve object classification: a domain adaptation approach},
  author={Bergamo, Alessandro and Torresani, Lorenzo},
  booktitle={Advances in neural information processing systems},
  pages={181--189},
  year={2010}
}
@inproceedings{hartmann2012weakly,
  title={Weakly supervised learning of object segmentations from web-scale video},
  author={Hartmann, Glenn and Grundmann, Matthias and Hoffman, Judy and Tsai, David and Kwatra, Vivek and Madani, Omid and Vijayanarasimhan, Sudheendra and Essa, Irfan and Rehg, James and Sukthankar, Rahul},
  booktitle={European Conference on Computer Vision},
  pages={198--208},
  year={2012},
  organization={Springer}
}
@inproceedings{chen2014event,
  title={Event-driven semantic concept discovery by exploiting weakly tagged internet images},
  author={Chen, Jiawei and Cui, Yin and Ye, Guangnan and Liu, Dong and Chang, Shih-Fu},
  booktitle={Proceedings of International Conference on Multimedia Retrieval},
  pages={1},
  year={2014},
  organization={ACM}
}
@inproceedings{hu2016segmentation,
  title={Segmentation from natural language expressions},
  author={Hu, Ronghang and Rohrbach, Marcus and Darrell, Trevor},
  booktitle={European Conference on Computer Vision},
  pages={108--124},
  year={2016},
  organization={Springer}
}

@article{he2008learning,
  title={Learning from imbalanced data},
  author={He, Haibo and Garcia, Edwardo A},
  journal={IEEE Transactions on Knowledge \& Data Engineering},
  number={9},
  pages={1263--1284},
  year={2008},
  publisher={Ieee}
}
@inproceedings{luo2017comprehension,
  title={Comprehension-guided referring expressions},
  author={Luo, Ruotian and Shakhnarovich, Gregory},
  booktitle={Computer Vision and Pattern Recognition (CVPR)},
  volume={2},
  year={2017}
}
@article{doshi2017accountability,
  title={Accountability of AI under the law: The role of explanation},
  author={Doshi-Velez, Finale and Kortz, Mason and Budish, Ryan and Bavitz, Chris and Gershman, Sam and O'Brien, David and Schieber, Stuart and Waldo, James and Weinberger, David and Wood, Alexandra},
  journal={arXiv preprint arXiv:1711.01134},
  year={2017}
}
@article{dhurandhar2018explanations,
  title={Explanations based on the Missing: Towards Contrastive Explanations with Pertinent Negatives},
  author={Dhurandhar, Amit and Chen, Pin-Yu and Luss, Ronny and Tu, Chun-Chen and Ting, Paishun and Shanmugam, Karthikeyan and Das, Payel},
  journal={arXiv preprint arXiv:1802.07623},
  year={2018}
}
@article{wachter2017counterfactual,
  title={Counterfactual explanations without opening the black box: Automated decisions and the GDPR},
  author={Wachter, Sandra and Mittelstadt, Brent and Russell, Chris},
  year={2017}
}
@inproceedings{bergamo2010exploiting,
  title={Exploiting weakly-labeled web images to improve object classification: a domain adaptation approach},
  author={Bergamo, Alessandro and Torresani, Lorenzo},
  booktitle={Advances in neural information processing systems},
  pages={181--189},
  year={2010}
}
@inproceedings{hartmann2012weakly,
  title={Weakly supervised learning of object segmentations from web-scale video},
  author={Hartmann, Glenn and Grundmann, Matthias and Hoffman, Judy and Tsai, David and Kwatra, Vivek and Madani, Omid and Vijayanarasimhan, Sudheendra and Essa, Irfan and Rehg, James and Sukthankar, Rahul},
  booktitle={European Conference on Computer Vision},
  pages={198--208},
  year={2012},
  organization={Springer}
}
@inproceedings{de2009connecting,
  title={Connecting content to community in social media via image content, user tags and user communication},
  author={De Choudhury, Munmun and Sundaram, Hari and Lin, Yu-Ru and John, Ajita and Seligmann, Doree Duncan},
  booktitle={Multimedia and Expo, 2009. ICME 2009. IEEE International Conference on},
  pages={1238--1241},
  year={2009},
  organization={IEEE}
}
@inproceedings{nagaraja2016modeling,
  title={Modeling context between objects for referring expression understanding},
  author={Nagaraja, Varun K and Morariu, Vlad I and Davis, Larry S},
  booktitle={European Conference on Computer Vision},
  pages={792--807},
  year={2016},
  organization={Springer}
}
@inproceedings{pinheiro2015image,
  title={From image-level to pixel-level labeling with convolutional networks},
  author={Pinheiro, Pedro O and Collobert, Ronan},
  booktitle={Proceedings of the IEEE Conference on Computer Vision and Pattern Recognition},
  pages={1713--1721},
  year={2015}
}
@inproceedings{xu2014tell,
  title={Tell me what you see and i will show you where it is},
  author={Xu, Jia and Schwing, Alexander G and Urtasun, Raquel},
  booktitle={Proceedings of the IEEE Conference on Computer Vision and Pattern Recognition},
  pages={3190--3197},
  year={2014}
}
@inproceedings{pathak2015constrained,
  title={Constrained convolutional neural networks for weakly supervised segmentation},
  author={Pathak, Deepak and Krahenbuhl, Philipp and Darrell, Trevor},
  booktitle={Proceedings of the IEEE international conference on computer vision},
  pages={1796--1804},
  year={2015}
}
@article{pandey2011scene,
  title={Scene recognition and weakly supervised object localization with deformable part-based models},
  author={Pandey, Megha and Lazebnik, Svetlana},
  year={2011},
  publisher={IEEE}
}
@inproceedings{deselaers2010localizing,
  title={Localizing objects while learning their appearance},
  author={Deselaers, Thomas and Alexe, Bogdan and Ferrari, Vittorio},
  booktitle={European conference on computer vision},
  pages={452--466},
  year={2010},
  organization={Springer}
}
@article{cinbis2017weakly,
  title={Weakly supervised object localization with multi-fold multiple instance learning},
  author={Cinbis, Ramazan Gokberk and Verbeek, Jakob and Schmid, Cordelia},
  journal={IEEE transactions on pattern analysis and machine intelligence},
  volume={39},
  number={1},
  pages={189--203},
  year={2017},
  publisher={IEEE}
}
@article{mahajan2018exploring,
  title={Exploring the Limits of Weakly Supervised Pretraining},
  author={Mahajan, Dhruv and Girshick, Ross and Ramanathan, Vignesh and He, Kaiming and Paluri, Manohar and Li, Yixuan and Bharambe, Ashwin and van der Maaten, Laurens},
  journal={arXiv preprint arXiv:1805.00932},
  year={2018}
}
@article{hu2017learning,
  title={Learning to reason: End-to-end module networks for visual question answering},
  author={Hu, Ronghang and Andreas, Jacob and Rohrbach, Marcus and Darrell, Trevor and Saenko, Kate},
  journal={CoRR, abs/1704.05526},
  volume={3},
  year={2017}
}
@inproceedings{hu2017modeling,
  title={Modeling relationships in referential expressions with compositional modular networks},
  author={Hu, Ronghang and Rohrbach, Marcus and Andreas, Jacob and Darrell, Trevor and Saenko, Kate},
  booktitle={Computer Vision and Pattern Recognition (CVPR), 2017 IEEE Conference on},
  pages={4418--4427},
  year={2017},
  organization={IEEE}
}
@book{rubin1980visuell,
  title={Visuell wahrgenommene figuren},
  author={Rubin, Edgar},
  year={1980},
  publisher={Рипол Классик}
}

@inproceedings{larsson2016learning,
  title={Learning representations for automatic colorization},
  author={Larsson, Gustav and Maire, Michael and Shakhnarovich, Gregory},
  booktitle={European Conference on Computer Vision},
  pages={577--593},
  year={2016},
  organization={Springer}
}
@inproceedings{van2007learning,
  title={Learning color names from real-world images},
  author={Van De Weijer, Joost and Schmid, Cordelia and Verbeek, Jakob},
  booktitle={Computer Vision and Pattern Recognition, 2007. CVPR'07. IEEE Conference on},
  pages={1--8},
  year={2007},
  organization={IEEE}
}
@article{vondrick2018tracking,
  title={Tracking emerges by colorizing videos},
  author={Vondrick, Carl and Shrivastava, Abhinav and Fathi, Alireza and Guadarrama, Sergio and Murphy, Kevin},
  journal={arXiv preprint arXiv:1806.09594},
  year={2018}
}
@inproceedings{kimoto1990stock,
  title={Stock market prediction system with modular neural networks},
  author={Kimoto, Takashi and Asakawa, Kazuo and Yoda, Morio and Takeoka, Masakazu},
  booktitle={Neural Networks, 1990., 1990 IJCNN International Joint Conference on},
  pages={1--6},
  year={1990},
  organization={IEEE}
}
@inproceedings{pennington2014glove,
  title={Glove: Global vectors for word representation},
  author={Pennington, Jeffrey and Socher, Richard and Manning, Christopher},
  booktitle={Proceedings of the 2014 conference on empirical methods in natural language processing (EMNLP)},
  pages={1532--1543},
  year={2014}
}
@inproceedings{hu2018explainable,
  title={Explainable Neural Computation via Stack Neural Module Networks},
  author={Hu, Ronghang and Andreas, Jacob and Darrell, Trevor and Saenko, Kate},
  booktitle={Proceedings of the European Conference on Computer Vision (ECCV)},
  year={2018}
}

@article{hendricks2018generating,
  title={Generating Counterfactual Explanations with Natural Language},
  author={Hendricks, Lisa Anne and Hu, Ronghang and Darrell, Trevor and Akata, Zeynep},
  journal={arXiv preprint arXiv:1806.09809},
  year={2018}
}
@inproceedings{huang2018finding,
  title={Finding “It”: Weakly-Supervised Reference-Aware Visual Grounding in Instructional Videos},
  author={Huang, De-An and Buch, Shyamal and Dery, Lucio and Garg, Animesh and Fei-Fei, Li and Niebles, Juan Carlos},
  year={2018},
  organization={CVPR}
}
@inproceedings{yeh2018unsupervised,
  title={Unsupervised Textual Grounding: Linking Words to Image Concepts},
  author={Yeh, Raymond A and Do, Minh N and Schwing, Alexander G},
  booktitle={Proc. CVPR},
  volume={8},
  year={2018}
}
@inproceedings{yeh2017interpretable,
  title={Interpretable and globally optimal prediction for textual grounding using image concepts},
  author={Yeh, Raymond and Xiong, Jinjun and Hwu, Wen-Mei and Do, Minh and Schwing, Alexander},
  booktitle={Advances in Neural Information Processing Systems},
  pages={1912--1922},
  year={2017}
}
@inproceedings{rohrbach2016grounding,
  title={Grounding of textual phrases in images by reconstruction},
  author={Rohrbach, Anna and Rohrbach, Marcus and Hu, Ronghang and Darrell, Trevor and Schiele, Bernt},
  booktitle={European Conference on Computer Vision},
  pages={817--834},
  year={2016},
  organization={Springer}
}

@inproceedings{hu2016natural,
  title={Natural language object retrieval}, 
author={Hu, Ronghang and Xu, Huazhe and Rohrbach, Marcus and Feng, Jiashi and Saenko, Kate and Darrell, Trevor},
  booktitle={Proceedings of the IEEE Conference on Computer Vision and Pattern Recognition},
  pages={4555--4564},
  year={2016}
}
@inproceedings{kazemzadeh2014referitgame,
  title={Referitgame: Referring to objects in photographs of natural scenes},
  author={Kazemzadeh, Sahar and Ordonez, Vicente and Matten, Mark and Berg, Tamara},
  booktitle={Proceedings of the 2014 conference on empirical methods in natural language processing (EMNLP)},
  pages={787--798},
  year={2014}
}
@inproceedings{lin2014microsoft,
  title={Microsoft coco: Common objects in context},
  author={Lin, Tsung-Yi and Maire, Michael and Belongie, Serge and Hays, James and Perona, Pietro and Ramanan, Deva and Doll{\'a}r, Piotr and Zitnick, C Lawrence},
  booktitle={European conference on computer vision},
  pages={740--755},
  year={2014},
  organization={Springer}
}
@inproceedings{plummer2015flickr30k,
  title={Flickr30k entities: Collecting region-to-phrase correspondences for richer image-to-sentence models},
  author={Plummer, Bryan A and Wang, Liwei and Cervantes, Chris M and Caicedo, Juan C and Hockenmaier, Julia and Lazebnik, Svetlana},
  booktitle={Proceedings of the IEEE international conference on computer vision},
  pages={2641--2649},
  year={2015}
}
@inproceedings{girshick2015fast,
  title={Fast r-cnn},
  author={Girshick, Ross},
  booktitle={Proceedings of the IEEE international conference on computer vision},
  pages={1440--1448},
  year={2015}
}

@article{lampert2009efficient,
  title={Efficient subwindow search: A branch and bound framework for object localization},
  author={Lampert, Christoph H and Blaschko, Matthew B and Hofmann, Thomas},
  journal={IEEE transactions on pattern analysis and machine intelligence},
  volume={31},
  number={12},
  pages={2129},
  year={2009}
}

@inproceedings{hariharan2015hypercolumns,
  title={Hypercolumns for object segmentation and fine-grained localization},
  author={Hariharan, Bharath and Arbel{\'a}ez, Pablo and Girshick, Ross and Malik, Jitendra},
  booktitle={Proceedings of the IEEE conference on computer vision and pattern recognition},
  pages={447--456},
  year={2015}
}

@inproceedings{long2015fully,
  title={Fully convolutional networks for semantic segmentation},
  author={Long, Jonathan and Shelhamer, Evan and Darrell, Trevor},
  booktitle={Proceedings of the IEEE conference on computer vision and pattern recognition},
  pages={3431--3440},
  year={2015}
}

@inproceedings{antol2015vqa,
  title={Vqa: Visual question answering},
  author={Antol, Stanislaw and Agrawal, Aishwarya and Lu, Jiasen and Mitchell, Margaret and Batra, Dhruv and Lawrence Zitnick, C and Parikh, Devi},
  booktitle={Proceedings of the IEEE international conference on computer vision},
  pages={2425--2433},
  year={2015}
}

@inproceedings{bengio2015scheduled,
  title={Scheduled sampling for sequence prediction with recurrent neural networks},
  author={Bengio, Samy and Vinyals, Oriol and Jaitly, Navdeep and Shazeer, Noam},
  booktitle={Advances in Neural Information Processing Systems},
  pages={1171--1179},
  year={2015}
}

@inproceedings{johnson2016densecap,
  title={Densecap: Fully convolutional localization networks for dense captioning},
  author={Johnson, Justin and Karpathy, Andrej and Fei-Fei, Li},
  booktitle={Proceedings of the IEEE Conference on Computer Vision and Pattern Recognition},
  pages={4565--4574},
  year={2016}
}

@inproceedings{kong2018recurrent,
  title={Recurrent pixel embedding for instance grouping},
  author={Kong, Shu and Fowlkes, Charless},
  booktitle={Proceedings of the IEEE Conference on Computer Vision and Pattern Recognition},
  pages={9018--9028},
  year={2018}
}

@article{chen2018deeplab,
  title={Deeplab: Semantic image segmentation with deep convolutional nets, atrous convolution, and fully connected crfs},
  author={Chen, Liang-Chieh and Papandreou, George and Kokkinos, Iasonas and Murphy, Kevin and Yuille, Alan L},
  journal={IEEE transactions on pattern analysis and machine intelligence},
  volume={40},
  number={4},
  pages={834--848},
  year={2018},
  publisher={IEEE}
}

@inproceedings{he2017mask,
  title={Mask r-cnn},
  author={He, Kaiming and Gkioxari, Georgia and Doll{\'a}r, Piotr and Girshick, Ross},
  booktitle={Computer Vision (ICCV), 2017 IEEE International Conference on},
  pages={2980--2988},
  year={2017},
  organization={IEEE}
}

@article{fang2018weakly,
  title={Weakly Supervised Attention Learning for Textual Phrases Grounding},
  author={Fang, Zhiyuan and Kong, Shu and Yu, Tianshu and Yang, Yezhou},
  journal={arXiv preprint arXiv:1805.00545},
  year={2018}
}


@book{miller1998wordnet,
  title={WordNet: An electronic lexical database},
  author={Miller, George},
  year={1998},
  publisher={MIT press}
}


@article{rui1999image,
  title={Image retrieval: Current techniques, promising directions, and open issues},
  author={Rui, Yong and Huang, Thomas S and Chang, Shih-Fu},
  journal={Journal of visual communication and image representation},
  volume={10},
  number={1},
  pages={39--62},
  year={1999},
  publisher={Elsevier}
}

@article{yu2018mattnet,
  title={Mattnet: Modular attention network for referring expression comprehension},
  author={Yu, Licheng and Lin, Zhe and Shen, Xiaohui and Yang, Jimei and Lu, Xin and Bansal, Mohit and Berg, Tamara L},
  journal={arXiv preprint arXiv:1801.08186},
  year={2018}
}

@article{chen2017query,
  title={Query-guided regression network with context policy for phrase grounding},
  author={Chen, Kan and Kovvuri, Rama and Nevatia, Ram},
  journal={arXiv preprint arXiv:1708.01676},
  year={2017}
}

@inproceedings{joulin2010discriminative,
  title={Discriminative clustering for image co-segmentation},
  author={Joulin, Armand and Bach, Francis and Ponce, Jean},
  booktitle={CVPR},
  pages={1943--1950},
  year={2010},
  organization={IEEE}
}

@article{zhang2016range,
  title={Range loss for deep face recognition with long-tail},
  author={Zhang, Xiao and Fang, Zhiyuan and Wen, Yandong and Li, Zhifeng and Qiao, Yu},
  journal={arXiv preprint arXiv:1611.08976},
  year={2016}
}

@inproceedings{wen2016discriminative,
  title={A discriminative feature learning approach for deep face recognition},
  author={Wen, Yandong and Zhang, Kaipeng and Li, Zhifeng and Qiao, Yu},
  booktitle={European Conference on Computer Vision},
  pages={499--515},
  year={2016},
  organization={Springer}
}
@inproceedings{lin2015bilinear,
  title={Bilinear cnn models for fine-grained visual recognition},
  author={Lin, Tsung-Yu and RoyChowdhury, Aruni and Maji, Subhransu},
  booktitle={Proceedings of the IEEE International Conference on Computer Vision},
  pages={1449--1457},
  year={2015}
}
@inproceedings{deng2009imagenet,
  title={Imagenet: A large-scale hierarchical image database},
  author={Deng, Jia and Dong, Wei and Socher, Richard and Li, Li-Jia and Li, Kai and Fei-Fei, Li},
  booktitle={Computer Vision and Pattern Recognition, 2009. CVPR 2009. IEEE Conference on},
  pages={248--255},
  year={2009},
  organization={Ieee}
}
@inproceedings{he2016deep,
  title={Deep residual learning for image recognition},
  author={He, Kaiming and Zhang, Xiangyu and Ren, Shaoqing and Sun, Jian},
  booktitle={Proceedings of the IEEE conference on computer vision and pattern recognition},
  pages={770--778},
  year={2016}
}
@inproceedings{kong2017low,
  title={Low-rank bilinear pooling for fine-grained classification},
  author={Kong, Shu and Fowlkes, Charless},
  booktitle={Computer Vision and Pattern Recognition (CVPR), 2017 IEEE Conference on},
  pages={7025--7034},
  year={2017},
  organization={IEEE}
}
@inproceedings{gao2016compact,
  title={Compact bilinear pooling},
  author={Gao, Yang and Beijbom, Oscar and Zhang, Ning and Darrell, Trevor},
  booktitle={Proceedings of the IEEE conference on computer vision and pattern recognition},
  pages={317--326},
  year={2016}
}

@article{fukui2016multimodal,
  title={Multimodal compact bilinear pooling for visual question answering and visual grounding},
  author={Fukui, Akira and Park, Dong Huk and Yang, Daylen and Rohrbach, Anna and Darrell, Trevor and Rohrbach, Marcus},
  journal={arXiv preprint arXiv:1606.01847},
  year={2016}
}



@inproceedings{hou2017deep,
  title={Deep feature consistent variational autoencoder},
  author={Hou, Xianxu and Shen, Linlin and Sun, Ke and Qiu, Guoping},
  booktitle={Applications of Computer Vision (WACV), 2017 IEEE Winter Conference on},
  pages={1133--1141},
  year={2017},
  organization={IEEE}
}

@inproceedings{gong2014multi,
  title={Multi-scale orderless pooling of deep convolutional activation features},
  author={Gong, Yunchao and Wang, Liwei and Guo, Ruiqi and Lazebnik, Svetlana},
  booktitle={European conference on computer vision},
  pages={392--407},
  year={2014},
  organization={Springer}
}


@article{wang2017multi,
  title={A multi-resolution approach for spinal metastasis detection using deep Siamese neural networks},
  author={Wang, Juan and Fang, Zhiyuan and Lang, Ning and Yuan, Huishu and Su, Min-Ying and Baldi, Pierre},
  journal={Computers in biology and medicine},
  volume={84},
  pages={137--146},
  year={2017},
  publisher={Elsevier}
}


@inproceedings{charikar2002finding,
  title={Finding frequent items in data streams},
  author={Charikar, Moses and Chen, Kevin and Farach-Colton, Martin},
  booktitle={International Colloquium on Automata, Languages, and Programming},
  pages={693--703},
  year={2002},
  organization={Springer}
}

% SEED
@inproceedings{caron2018deep,
  title={Deep clustering for unsupervised learning of visual features},
  author={Caron, Mathilde and Bojanowski, Piotr and Joulin, Armand and Douze, Matthijs},
  booktitle={Proceedings of the European Conference on Computer Vision (ECCV)},
  pages={132--149},
  year={2018}
}
@article{shen2020meal,
  title={MEAL V2: Boosting Vanilla ResNet-50 to 80\%+ Top-1 Accuracy on ImageNet without Tricks},
  author={Shen, Zhiqiang and Savvides, Marios},
  journal={arXiv preprint arXiv:2009.08453},
  year={2020}
}
@article{mirzadeh2019improved,
  title={Improved Knowledge Distillation via Teacher Assistant},
  author={Mirzadeh, Seyed-Iman and Farajtabar, Mehrdad and Li, Ang and Levine, Nir and Matsukawa, Akihiro and Ghasemzadeh, Hassan},
  journal={arXiv preprint arXiv:1902.03393},
  year={2019}
}
@inproceedings{cho2019efficacy,
  title={On the efficacy of knowledge distillation},
  author={Cho, Jang Hyun and Hariharan, Bharath},
  booktitle={Proceedings of the IEEE International Conference on Computer Vision},
  pages={4794--4802},
  year={2019}
}
@article{mishra2017apprentice,
  title={Apprentice: Using knowledge distillation techniques to improve low-precision network accuracy},
  author={Mishra, Asit and Marr, Debbie},
  journal={arXiv preprint arXiv:1711.05852},
  year={2017}
}
@article{polino2018model,
  title={Model compression via distillation and quantization},
  author={Polino, Antonio and Pascanu, Razvan and Alistarh, Dan},
  journal={arXiv preprint arXiv:1802.05668},
  year={2018}
}
@inproceedings{liu2019structured,
  title={Structured knowledge distillation for semantic segmentation},
  author={Liu, Yifan and Chen, Ke and Liu, Chris and Qin, Zengchang and Luo, Zhenbo and Wang, Jingdong},
  booktitle={Proceedings of the IEEE Conference on Computer Vision and Pattern Recognition},
  pages={2604--2613},
  year={2019}
}
@inproceedings{chen2017learning,
  title={Learning efficient object detection models with knowledge distillation},
  author={Chen, Guobin and Choi, Wongun and Yu, Xiang and Han, Tony and Chandraker, Manmohan},
  booktitle={Advances in Neural Information Processing Systems},
  pages={742--751},
  year={2017}
}
@inproceedings{buciluǎ2006model,
  title={Model compression},
  author={Buciluǎ, Cristian and Caruana, Rich and Niculescu-Mizil, Alexandru},
  booktitle={Proceedings of the 12th ACM SIGKDD international conference on Knowledge discovery and data mining},
  pages={535--541},
  year={2006}
}
@inproceedings{wang2020cross,
  title={Cross-Batch Memory for Embedding Learning},
  author={Wang, Xun and Zhang, Haozhi and Huang, Weilin and Scott, Matthew R},
  booktitle={Proceedings of the IEEE/CVF Conference on Computer Vision and Pattern Recognition},
  pages={6388--6397},
  year={2020}
}
@article{goyal2017accurate,
  title={Accurate, large minibatch sgd: Training imagenet in 1 hour},
  author={Goyal, Priya and Doll{\'a}r, Piotr and Girshick, Ross and Noordhuis, Pieter and Wesolowski, Lukasz and Kyrola, Aapo and Tulloch, Andrew and Jia, Yangqing and He, Kaiming},
  journal={arXiv preprint arXiv:1706.02677},
  year={2017}
}
@inproceedings{howard2019searching,
  title={Searching for mobilenetv3},
  author={Howard, Andrew and Sandler, Mark and Chu, Grace and Chen, Liang-Chieh and Chen, Bo and Tan, Mingxing and Wang, Weijun and Zhu, Yukun and Pang, Ruoming and Vasudevan, Vijay and others},
  booktitle={Proceedings of the IEEE International Conference on Computer Vision},
  pages={1314--1324},
  year={2019}
}
@inproceedings{romero2014fitnets,
  title={Fitnets: Hints for thin deep nets},
  author={Romero, Adriana and Ballas, Nicolas and Kahou, Samira Ebrahimi and Chassang, Antoine and Gatta, Carlo and Bengio, Yoshua},
  journal={International Conference on Learning Representations},
  year={2014}
}
@misc{wu2019detectron2,
  title={Detectron2},
  author={Wu, Yuxin and Kirillov, Alexander and Massa, Francisco and Lo, Wan-Yen and Girshick, Ross},
  year={2019}
}

@inproceedings{zhai2019s4l,
  title={S4l: Self-supervised semi-supervised learning},
  author={Zhai, Xiaohua and Oliver, Avital and Kolesnikov, Alexander and Beyer, Lucas},
  booktitle={Proceedings of the IEEE international conference on computer vision},
  pages={1476--1485},
  year={2019}
}
@inproceedings{yang2016joint,
  title={Joint unsupervised learning of deep representations and image clusters},
  author={Yang, Jianwei and Parikh, Devi and Batra, Dhruv},
  booktitle={Proceedings of the IEEE Conference on Computer Vision and Pattern Recognition},
  pages={5147--5156},
  year={2016}
}
@article{sun2019patient,
  title={Patient knowledge distillation for bert model compression},
  author={Sun, Siqi and Cheng, Yu and Gan, Zhe and Liu, Jingjing},
  journal={arXiv preprint arXiv:1908.09355},
  year={2019}
}
@article{sanh2019distilbert,
  title={DistilBERT, a distilled version of BERT: smaller, faster, cheaper and lighter},
  author={Sanh, Victor and Debut, Lysandre and Chaumond, Julien and Wolf, Thomas},
  journal={arXiv preprint arXiv:1910.01108},
  year={2019}
}
@article{sun2020mobilebert,
  title={Mobilebert: a compact task-agnostic bert for resource-limited devices},
  author={Sun, Zhiqing and Yu, Hongkun and Song, Xiaodan and Liu, Renjie and Yang, Yiming and Zhou, Denny},
  journal={arXiv preprint arXiv:2004.02984},
  year={2020}
}
@article{jiao2019tinybert,
  title={Tinybert: Distilling bert for natural language understanding},
  author={Jiao, Xiaoqi and Yin, Yichun and Shang, Lifeng and Jiang, Xin and Chen, Xiao and Li, Linlin and Wang, Fang and Liu, Qun},
  journal={arXiv preprint arXiv:1909.10351},
  year={2019}
}

@article{turc2019well,
  title={Well-read students learn better: On the importance of pre-training compact models},
  author={Turc, Iulia and Chang, Ming-Wei and Lee, Kenton and Toutanova, Kristina},
  journal={arXiv preprint arXiv:1908.08962},
  year={2019}
}
@inproceedings{bucilua2006model,
  title={Model compression},
  author={Buciluǎ, Cristian and Caruana, Rich and Niculescu-Mizil, Alexandru},
  booktitle={Proceedings of the 12th ACM SIGKDD international conference on Knowledge discovery and data mining},
  pages={535--541},
  year={2006}
}
@inproceedings{ahn2019variational,
  title={Variational information distillation for knowledge transfer},
  author={Ahn, Sungsoo and Hu, Shell Xu and Damianou, Andreas and Lawrence, Neil D and Dai, Zhenwen},
  booktitle={Proceedings of the IEEE Conference on Computer Vision and Pattern Recognition},
  pages={9163--9171},
  year={2019}
}
@inproceedings{yim2017gift,
  title={A gift from knowledge distillation: Fast optimization, network minimization and transfer learning},
  author={Yim, Junho and Joo, Donggyu and Bae, Jihoon and Kim, Junmo},
  booktitle={Proceedings of the IEEE Conference on Computer Vision and Pattern Recognition},
  pages={4133--4141},
  year={2017}
}
@inproceedings{koratana2019lit,
  title={Lit: Learned intermediate representation training for model compression},
  author={Koratana, Animesh and Kang, Daniel and Bailis, Peter and Zaharia, Matei},
  booktitle={International Conference on Machine Learning},
  pages={3509--3518},
  year={2019}
}
@article{huang2017like,
  title={Like what you like: Knowledge distill via neuron selectivity transfer},
  author={Huang, Zehao and Wang, Naiyan},
  journal={arXiv preprint arXiv:1707.01219},
  year={2017}
}
@article{zagoruyko2016paying,
  title={Paying more attention to attention: Improving the performance of convolutional neural networks via attention transfer},
  author={Zagoruyko, Sergey and Komodakis, Nikos},
  journal={arXiv preprint arXiv:1612.03928},
  year={2016}
}
@inproceedings{misra2020self,
  title={Self-supervised learning of pretext-invariant representations},
  author={Misra, Ishan and Maaten, Laurens van der},
  booktitle={Proceedings of the IEEE/CVF Conference on Computer Vision and Pattern Recognition},
  pages={6707--6717},
  year={2020}
}
@article{tian2019contrastive1,
  title={Contrastive multiview coding},
  author={Tian, Yonglong and Krishnan, Dilip and Isola, Phillip},
  journal={arXiv preprint arXiv:1906.05849},
  year={2019}
}
@article{henaff2019data,
  title={Data-efficient image recognition with contrastive predictive coding},
  author={H{\'e}naff, Olivier J and Srinivas, Aravind and De Fauw, Jeffrey and Razavi, Ali and Doersch, Carl and Eslami, SM and Oord, Aaron van den},
  journal={arXiv preprint arXiv:1905.09272},
  year={2019}
}
@inproceedings{sun2014deep,
  title={Deep learning face representation by joint identification-verification},
  author={Sun, Yi and Chen, Yuheng and Wang, Xiaogang and Tang, Xiaoou},
  booktitle={Advances in neural information processing systems},
  pages={1988--1996},
  year={2014}
}
@inproceedings{mnih2013learning,
  title={Learning word embeddings efficiently with noise-contrastive estimation},
  author={Mnih, Andriy and Kavukcuoglu, Koray},
  booktitle={Advances in neural information processing systems},
  pages={2265--2273},
  year={2013}
}
@article{oord2018representation,
  title={Representation learning with contrastive predictive coding},
  author={Oord, Aaron van den and Li, Yazhe and Vinyals, Oriol},
  journal={arXiv preprint arXiv:1807.03748},
  year={2018}
}
@inproceedings{gutmann2010noise,
  title={Noise-contrastive estimation: A new estimation principle for unnormalized statistical models},
  author={Gutmann, Michael and Hyv{\"a}rinen, Aapo},
  booktitle={Proceedings of the Thirteenth International Conference on Artificial Intelligence and Statistics},
  pages={297--304},
  year={2010}
}


@article{kolesnikov2019big,
  title={Big transfer (BiT): General visual representation learning},
  author={Kolesnikov, Alexander and Beyer, Lucas and Zhai, Xiaohua and Puigcerver, Joan and Yung, Jessica and Gelly, Sylvain and Houlsby, Neil},
  journal={arXiv preprint arXiv:1912.11370},
  year={2019}
}

@inproceedings{goyal2019scaling,
  title={Scaling and benchmarking self-supervised visual representation learning},
  author={Goyal, Priya and Mahajan, Dhruv and Gupta, Abhinav and Misra, Ishan},
  booktitle={Proceedings of the IEEE International Conference on Computer Vision},
  pages={6391--6400},
  year={2019}
}

@inproceedings{wu2018unsupervised,
  title={Unsupervised feature learning via non-parametric instance discrimination},
  author={Wu, Zhirong and Xiong, Yuanjun and Yu, Stella X and Lin, Dahua},
  booktitle={Proceedings of the IEEE Conference on Computer Vision and Pattern Recognition},
  pages={3733--3742},
  year={2018}
}

@article{chen2020simple,
  title={A simple framework for contrastive learning of visual representations},
  author={Chen, Ting and Kornblith, Simon and Norouzi, Mohammad and Hinton, Geoffrey},
  journal={arXiv preprint arXiv:2002.05709},
  year={2020}
}

@article{shen2020rethinking,
  title={Rethinking Image Mixture for Unsupervised Visual Representation Learning},
  author={Shen, Zhiqiang and Liu, Zechun and Liu, Zhuang and Savvides, Marios and Darrell, Trevor},
  journal={arXiv preprint arXiv:2003.05438},
  year={2020}
}

@inproceedings{he2020momentum,
  title={Momentum contrast for unsupervised visual representation learning},
  author={He, Kaiming and Fan, Haoqi and Wu, Yuxin and Xie, Saining and Girshick, Ross},
  booktitle={Proceedings of the IEEE/CVF Conference on Computer Vision and Pattern Recognition},
  pages={9729--9738},
  year={2020}
}

@article{chen2020improved,
  title={Improved baselines with momentum contrastive learning},
  author={Chen, Xinlei and Fan, Haoqi and Girshick, Ross and He, Kaiming},
  journal={arXiv preprint arXiv:2003.04297},
  year={2020}
}

@article{tian2020makes,
  title={What makes for good views for contrastive learning},
  author={Tian, Yonglong and Sun, Chen and Poole, Ben and Krishnan, Dilip and Schmid, Cordelia and Isola, Phillip},
  journal={arXiv preprint arXiv:2005.10243},
  year={2020}
}

@article{li2020prototypical,
  title={Prototypical Contrastive Learning of Unsupervised Representations},
  author={Li, Junnan and Zhou, Pan and Xiong, Caiming and Socher, Richard and Hoi, Steven CH},
  journal={arXiv preprint arXiv:2005.04966},
  year={2020}
}

@article{chen2020big,
  title={Big Self-Supervised Models are Strong Semi-Supervised Learners},
  author={Chen, Ting and Kornblith, Simon and Swersky, Kevin and Norouzi, Mohammad and Hinton, Geoffrey},
  journal={arXiv preprint arXiv:2006.10029},
  year={2020}
}

@article{caron2020unsupervised,
  title={Unsupervised Learning of Visual Features by Contrasting Cluster Assignments},
  author={Caron, Mathilde and Misra, Ishan and Mairal, Julien and Goyal, Priya and Bojanowski, Piotr and Joulin, Armand},
  journal={arXiv preprint arXiv:2006.09882},
  year={2020}
}

@article{grill2020bootstrap,
  title={Bootstrap Your Own Latent: A New Approach to Self-Supervised Learning},
  author={Grill, Jean-Bastien and Strub, Florian and Altch{\'e}, Florent and Tallec, Corentin and Richemond, Pierre H and Buchatskaya, Elena and Doersch, Carl and Pires, Bernardo Avila and Guo, Zhaohan Daniel and Azar, Mohammad Gheshlaghi and others},
  journal={arXiv preprint arXiv:2006.07733},
  year={2020}
}

@article{tian2020makes,
  title={What makes for good views for contrastive learning},
  author={Tian, Yonglong and Sun, Chen and Poole, Ben and Krishnan, Dilip and Schmid, Cordelia and Isola, Phillip},
  journal={arXiv preprint arXiv:2005.10243},
  year={2020}
}

@article{wang2020understanding,
  title={Understanding Contrastive Representation Learning through Alignment and Uniformity on the Hypersphere},
  author={Wang, Tongzhou and Isola, Phillip},
  journal={arXiv preprint arXiv:2005.10242},
  year={2020}
}

@inproceedings{yang2019patch,
  title={Patch-based discriminative feature learning for unsupervised person re-identification},
  author={Yang, Qize and Yu, Hong-Xing and Wu, Ancong and Zheng, Wei-Shi},
  booktitle={Proceedings of the IEEE Conference on Computer Vision and Pattern Recognition},
  pages={3633--3642},
  year={2019}
}

@inproceedings{tian2019contrastive,
  title={Contrastive Representation Distillation},
  author={Tian, Yonglong and Krishnan, Dilip and Isola, Phillip},
  booktitle={International Conference on Learning Representations},
  year={2019}
}

% pretext
@article{gidaris2018unsupervised,
  title={Unsupervised representation learning by predicting image rotations},
  author={Gidaris, Spyros and Singh, Praveer and Komodakis, Nikos},
  journal={arXiv preprint arXiv:1803.07728},
  year={2018}
}


@inproceedings{zhang2019aet,
  title={Aet vs. aed: Unsupervised representation learning by auto-encoding transformations rather than data},
  author={Zhang, Liheng and Qi, Guo-Jun and Wang, Liqiang and Luo, Jiebo},
  booktitle={Proceedings of the IEEE Conference on Computer Vision and Pattern Recognition},
  pages={2547--2555},
  year={2019}
}

@inproceedings{zhang2016colorful,
  title={Colorful image colorization},
  author={Zhang, Richard and Isola, Phillip and Efros, Alexei A},
  booktitle={European conference on computer vision},
  pages={649--666},
  year={2016},
  organization={Springer}
}

@inproceedings{feng2019self,
  title={Self-supervised representation learning by rotation feature decoupling},
  author={Feng, Zeyu and Xu, Chang and Tao, Dacheng},
  booktitle={Proceedings of the IEEE Conference on Computer Vision and Pattern Recognition},
  pages={10364--10374},
  year={2019}
}

@inproceedings{noroozi2016unsupervised,
  title={Unsupervised learning of visual representations by solving jigsaw puzzles},
  author={Noroozi, Mehdi and Favaro, Paolo},
  booktitle={European Conference on Computer Vision},
  pages={69--84},
  year={2016},
  organization={Springer}
}

% KD

@article{hinton2015distilling,
  title={Distilling the knowledge in a neural network},
  author={Hinton, Geoffrey and Vinyals, Oriol and Dean, Jeff},
  journal={arXiv preprint arXiv:1503.02531},
  year={2015}
}

% others
% clustering methods


@inproceedings{caron2019unsupervised,
  title={Unsupervised pre-training of image features on non-curated data},
  author={Caron, Mathilde and Bojanowski, Piotr and Mairal, Julien and Joulin, Armand},
  booktitle={Proceedings of the IEEE International Conference on Computer Vision},
  pages={2959--2968},
  year={2019}
}

% architecture related
@article{tan2019efficientnet,
  title={Efficientnet: Rethinking model scaling for convolutional neural networks},
  author={Tan, Mingxing and Le, Quoc V},
  journal={arXiv preprint arXiv:1905.11946},
  year={2019}
}
@article{howard2017mobilenets,
  title={Mobilenets: Efficient convolutional neural networks for mobile vision applications},
  author={Howard, Andrew G and Zhu, Menglong and Chen, Bo and Kalenichenko, Dmitry and Wang, Weijun and Weyand, Tobias and Andreetto, Marco and Adam, Hartwig},
  journal={arXiv preprint arXiv:1704.04861},
  year={2017}
}


@inproceedings{nair2010rectified,
  title={Rectified linear units improve restricted boltzmann machines},
  author={Nair, Vinod and Hinton, Geoffrey E},
  booktitle={ICML},
  year={2010}
}

@article{loshchilov2016sgdr,
  title={Sgdr: Stochastic gradient descent with warm restarts},
  author={Loshchilov, Ilya and Hutter, Frank},
  journal={arXiv preprint arXiv:1608.03983},
  year={2016}
}

dataset
@inproceedings{pascalvoc2007,
	author = {Everingham, M. and Van Gool, L. and Williams, C. K. I. and Winn, J. and Zisserman, A.},
	title = {The {PASCAL} {V}isual {O}bject {C}lasses {C}hallenge 2007 {(VOC2007)} {R}esults},
	journal = {http://www.pascal-network.org/challenges/VOC/voc2007/workshop/index.html"}
}



@inproceedings{kolesnikov2019revisiting,
  title={Revisiting self-supervised visual representation learning},
  author={Kolesnikov, Alexander and Zhai, Xiaohua and Beyer, Lucas},
  booktitle={Proceedings of the IEEE conference on Computer Vision and Pattern Recognition},
  pages={1920--1929},
  year={2019}
}

@inproceedings{kornblith2019better,
  title={Do better imagenet models transfer better?},
  author={Kornblith, Simon and Shlens, Jonathon and Le, Quoc V},
  booktitle={Proceedings of the IEEE conference on computer vision and pattern recognition},
  pages={2661--2671},
  year={2019}
}


@article{kolesnikov2019big,
  title={Big transfer (BiT): General visual representation learning},
  author={Kolesnikov, Alexander and Beyer, Lucas and Zhai, Xiaohua and Puigcerver, Joan and Yung, Jessica and Gelly, Sylvain and Houlsby, Neil},
  journal={arXiv preprint arXiv:1912.11370},
  year={2019}
}


@article{krizhevsky2009learning,
  title={Learning multiple layers of features from tiny images},
  author={Krizhevsky, Alex and Hinton, Geoffrey and others},
  year={2009},
  publisher={Citeseer}
}

@inproceedings{xiao2010sun,
  title={Sun database: Large-scale scene recognition from abbey to zoo},
  author={Xiao, Jianxiong and Hays, James and Ehinger, Krista A and Oliva, Aude and Torralba, Antonio},
  booktitle={2010 IEEE computer society conference on computer vision and pattern recognition},
  pages={3485--3492},
  year={2010},
  organization={IEEE}
}

@inproceedings{bossard2014food,
  title={Food-101--mining discriminative components with random forests},
  author={Bossard, Lukas and Guillaumin, Matthieu and Van Gool, Luc},
  booktitle={European conference on computer vision},
  pages={446--461},
  year={2014},
  organization={Springer}
}

@article{griffin2007caltech,
  title={Caltech-256 object category dataset},
  author={Griffin, Gregory and Holub, Alex and Perona, Pietro},
  year={2007},
  publisher={California Institute of Technology}
}

@inproceedings{berg2014birdsnap,
  title={Birdsnap: Large-scale fine-grained visual categorization of birds},
  author={Berg, Thomas and Liu, Jiongxin and Woo Lee, Seung and Alexander, Michelle L and Jacobs, David W and Belhumeur, Peter N},
  booktitle={Proceedings of the IEEE Conference on Computer Vision and Pattern Recognition},
  pages={2011--2018},
  year={2014}
}

@inproceedings{li2017learning,
  title={Learning from noisy labels with distillation},
  author={Li, Yuncheng and Yang, Jianchao and Song, Yale and Cao, Liangliang and Luo, Jiebo and Li, Li-Jia},
  booktitle={Proceedings of the IEEE International Conference on Computer Vision},
  pages={1910--1918},
  year={2017}
}

@inproceedings{snell2017prototypical,
  title={Prototypical networks for few-shot learning},
  author={Snell, Jake and Swersky, Kevin and Zemel, Richard},
  booktitle={Advances in neural information processing systems},
  pages={4077--4087},
  year={2017}
}


@inproceedings{paszke2019pytorch,
  title={Pytorch: An imperative style, high-performance deep learning library},
  author={Paszke, Adam and Gross, Sam and Massa, Francisco and Lerer, Adam and Bradbury, James and Chanan, Gregory and Killeen, Trevor and Lin, Zeming and Gimelshein, Natalia and Antiga, Luca and others},
  booktitle={Advances in neural information processing systems},
  pages={8026--8037},
  year={2019}
}

@article{masse2018alleviating,
  title={Alleviating catastrophic forgetting using context-dependent gating and synaptic stabilization},
  author={Masse, Nicolas Y and Grant, Gregory D and Freedman, David J},
  journal={Proceedings of the National Academy of Sciences},
  volume={115},
  number={44},
  pages={E10467--E10475},
  year={2018},
  publisher={National Acad Sciences}
}

@inproceedings{zhang2017range,
  title={Range loss for deep face recognition with long-tailed training data},
  author={Zhang, Xiao and Fang, Zhiyuan and Wen, Yandong and Li, Zhifeng and Qiao, Yu},
  booktitle={Proceedings of the IEEE International Conference on Computer Vision},
  pages={5409--5418},
  year={2017}
}
@inproceedings{guo2016ms,
  title={Ms-celeb-1m: A dataset and benchmark for large-scale face recognition},
  author={Guo, Yandong and Zhang, Lei and Hu, Yuxiao and He, Xiaodong and Gao, Jianfeng},
  booktitle={European conference on computer vision},
  pages={87--102},
  year={2016},
  organization={Springer}
}

@inproceedings{sandler2018mobilenetv2,
  title={Mobilenetv2: Inverted residuals and linear bottlenecks},
  author={Sandler, Mark and Howard, Andrew and Zhu, Menglong and Zhmoginov, Andrey and Chen, Liang-Chieh},
  booktitle={Proceedings of the IEEE conference on computer vision and pattern recognition},
  pages={4510--4520},
  year={2018}
}

@inproceedings{coates2011analysis,
  title={An analysis of single-layer networks in unsupervised feature learning},
  author={Coates, Adam and Ng, Andrew and Lee, Honglak},
  booktitle={Proceedings of the fourteenth international conference on artificial intelligence and statistics},
  pages={215--223},
  year={2011}
}

% distillvlm
@article{wang2020minivlm,
  title={MiniVLM: A Smaller and Faster Vision-Language Model},
  author={Wang, Jianfeng and Hu, Xiaowei and Zhang, Pengchuan and Li, Xiujun and Wang, Lijuan and Zhang, Lei and Gao, Jianfeng and Liu, Zicheng},
  journal={arXiv preprint arXiv:2012.06946},
  year={2020}
}

@inproceedings{li2020oscar,
  title={Oscar: Object-semantics aligned pre-training for vision-language tasks},
  author={Li, Xiujun and Yin, Xi and Li, Chunyuan and Zhang, Pengchuan and Hu, Xiaowei and Zhang, Lei and Wang, Lijuan and Hu, Houdong and Dong, Li and Wei, Furu and others},
  booktitle={European Conference on Computer Vision},
  pages={121--137},
  year={2020},
  organization={Springer}
}

@article{vaswani2017attention,
  title={Attention is all you need},
  author={Vaswani, Ashish and Shazeer, Noam and Parmar, Niki and Uszkoreit, Jakob and Jones, Llion and Gomez, Aidan N and Kaiser, Lukasz and Polosukhin, Illia},
  journal={Advances in Neural Information Processing Systems (Neurips)},
  year={2017}
}

@article{devlin2018bert,
  title={Bert: Pre-training of deep bidirectional transformers for language understanding},
  author={Devlin, Jacob and Chang, Ming-Wei and Lee, Kenton and Toutanova, Kristina},
  journal={North American Chapter of the Association for Computational Linguistics},
  year={2019}
}

% VLP
@article{chen2019uniter,
  title={Uniter: Learning universal image-text representations},
  author={Chen, Yen-Chun and Li, Linjie and Yu, Licheng and El Kholy, Ahmed and Ahmed, Faisal and Gan, Zhe and Cheng, Yu and Liu, Jingjing},
  year={2020},
  journal={European Conference on Computer Vision}
}

@inproceedings{zhou2020unified,
  title={Unified vision-language pre-training for image captioning and vqa},
  author={Zhou, Luowei and Palangi, Hamid and Zhang, Lei and Hu, Houdong and Corso, Jason and Gao, Jianfeng},
  booktitle={Proceedings of the AAAI Conference on Artificial Intelligence},
  volume={34},
  number={07},
  pages={13041--13049},
  year={2020}
}

@article{su2019vl,
  title={Vl-bert: Pre-training of generic visual-linguistic representations},
  author={Su, Weijie and Zhu, Xizhou and Cao, Yue and Li, Bin and Lu, Lewei and Wei, Furu and Dai, Jifeng},
  journal={The International Conference on Learning Representations },
  year={2020}
}

@article{tan2019lxmert,
  title={Lxmert: Learning cross-modality encoder representations from transformers},
  author={Tan, Hao and Bansal, Mohit},
  journal={Conference on Empirical Methods in Natural Language Processing},
  year={2019}
}

@article{lu2019vilbert,
  title={Vilbert: Pretraining task-agnostic visiolinguistic representations for vision-and-language tasks},
  author={Lu, Jiasen and Batra, Dhruv and Parikh, Devi and Lee, Stefan},
  journal={Advances in Neural Information Processing Systems (NeurIPS)},
  year={2019}
}

% distillation
@article{sun2020contrastive,
  title={Contrastive Distillation on Intermediate Representations for Language Model Compression},
  author={Sun, Siqi and Gan, Zhe and Cheng, Yu and Fang, Yuwei and Wang, Shuohang and Liu, Jingjing},
  journal={arXiv preprint arXiv:2009.14167},
  year={2020}
}

@article{chen2020wasserstein,
  title={Wasserstein Contrastive Representation Distillation},
  author={Chen, Liqun and Gan, Zhe and Wang, Dong and Liu, Jingjing and Henao, Ricardo and Carin, Lawrence},
  journal={arXiv preprint arXiv:2012.08674},
  year={2020}
}


@article{wang2020minilm,
  title={Minilm: Deep self-attention distillation for task-agnostic compression of pre-trained transformers},
  author={Wang, Wenhui and Wei, Furu and Dong, Li and Bao, Hangbo and Yang, Nan and Zhou, Ming},
  journal={Advances in Neural Information Processing Systems (NeurIPS)},
  year={2020}
}



@inproceedings{anderson2018bottom,
  title={Bottom-up and top-down attention for image captioning and visual question answering},
  author={Anderson, Peter and He, Xiaodong and Buehler, Chris and Teney, Damien and Johnson, Mark and Gould, Stephen and Zhang, Lei},
  booktitle={Proceedings of the IEEE conference on computer vision and pattern recognition},
  pages={6077--6086},
  year={2018}
}

% knowledge distillation

@article{NST2017,
  author =   {Zehao Huang and Naiyan Wang},
  title =    {Like What You Like: Knowledge Distill via Neuron Selectivity Transfer},
  journal =  {arXiv preprint arXiv:1707.01219},
  year =     {2017}
}

@article{fang2021seed,
  title={SEED: Self-supervised Distillation For Visual Representation},
  author={Fang, Zhiyuan and Wang, Jianfeng and Wang, Lijuan and Zhang, Lei and Yang, Yezhou and Liu, Zicheng},
  journal={The International Conference on Learning Representations },
  year={2021}
}

% transformer distillation
@inproceedings{jiaoetal2020tinybert,
    title = "{T}iny{BERT}: Distilling {BERT} for Natural Language Understanding",
    author = "Jiao, Xiaoqi  and
      Yin, Yichun  and
      Shang, Lifeng  and
      Jiang, Xin  and
      Chen, Xiao  and
      Li, Linlin  and
      Wang, Fang  and
      Liu, Qun",
    booktitle = "Findings of the Association for Computational Linguistics: EMNLP 2020",
    month = nov,
    year = "2020",
    address = "Online",
    publisher = "Association for Computational Linguistics",
    url = "https://www.aclweb.org/anthology/2020.findings-emnlp.372",
    doi = "10.18653/v1/2020.findings-emnlp.372",
    pages = "4163--4174",
}


@article{clark2019does,
  title={What does bert look at? an analysis of bert's attention},
  author={Clark, Kevin and Khandelwal, Urvashi and Levy, Omer and Manning, Christopher D},
  journal={In Proceedings of the 2019 ACL Workshop BlackboxNLP: Analyzing and Interpreting Neural Networks for NLP},
  year={2019}
}

@inproceedings{NIPS2015_14bfa6bb,
 author = {Ren, Shaoqing and He, Kaiming and Girshick, Ross and Sun, Jian},
 booktitle = {Advances in Neural Information Processing Systems},
 editor = {C. Cortes and N. Lawrence and D. Lee and M. Sugiyama and R. Garnett},
 pages = {},
 publisher = {Curran Associates, Inc.},
 title = {Faster R-CNN: Towards Real-Time Object Detection with Region Proposal Networks},
 url = {https://proceedings.neurips.cc/paper/2015/file/14bfa6bb14875e45bba028a21ed38046-Paper.pdf},
 volume = {28},
 year = {2015}
}


@article{krishna2017visual,
  title={Visual genome: Connecting language and vision using crowdsourced dense image annotations},
  author={Krishna, Ranjay and Zhu, Yuke and Groth, Oliver and Johnson, Justin and Hata, Kenji and Kravitz, Joshua and Chen, Stephanie and Kalantidis, Yannis and Li, Li-Jia and Shamma, David A and others},
  journal={International journal of computer vision},
  volume={123},
  number={1},
  pages={32--73},
  year={2017},
  publisher={Springer}
}

@inproceedings{tan2020efficientdet,
  title={Efficientdet: Scalable and efficient object detection},
  author={Tan, Mingxing and Pang, Ruoming and Le, Quoc V},
  booktitle={Proceedings of the IEEE/CVF conference on computer vision and pattern recognition},
  pages={10781--10790},
  year={2020}
}

@inproceedings{jawahar2019does,
  title={What does BERT learn about the structure of language?},
  author={Jawahar, Ganesh and Sagot, Beno{\^\i}t and Seddah, Djam{\'e}},
  booktitle={ACL 2019-57th Annual Meeting of the Association for Computational Linguistics},
  year={2019}
}

@inproceedings{cao2020behind,
  title={Behind the scene: Revealing the secrets of pre-trained vision-and-language models},
  author={Cao, Jize and Gan, Zhe and Cheng, Yu and Yu, Licheng and Chen, Yen-Chun and Liu, Jingjing},
  booktitle={European Conference on Computer Vision},
  pages={565--580},
  year={2020},
  organization={Springer}
}

@inproceedings{kimrush2016sequence,
    title = "Sequence-Level Knowledge Distillation",
    author = "Kim, Yoon  and
      Rush, Alexander M.",
    booktitle = "Proceedings of the 2016 Conference on Empirical Methods in Natural Language Processing",
    month = nov,
    year = "2016",
    address = "Austin, Texas",
    publisher = "Association for Computational Linguistics",
    url = "https://www.aclweb.org/anthology/D16-1139",
    doi = "10.18653/v1/D16-1139",
    pages = "1317--1327",
}

@article{ordonez2011im2text,
  title={Im2text: Describing images using 1 million captioned photographs},
  author={Ordonez, Vicente and Kulkarni, Girish and Berg, Tamara},
  journal={Advances in neural information processing systems},
  volume={24},
  pages={1143--1151},
  year={2011}
}

@inproceedings{hudson2019gqa,
  title={GQA: A new dataset for real-world visual reasoning and compositional question answering},
  author={Hudson, Drew A and Manning, Christopher D},
  booktitle={Proceedings of the IEEE/CVF Conference on Computer Vision and Pattern Recognition},
  pages={6700--6709},
  year={2019}
}


@inproceedings{sharma2018conceptual,
  title={Conceptual captions: A cleaned, hypernymed, image alt-text dataset for automatic image captioning},
  author={Sharma, Piyush and Ding, Nan and Goodman, Sebastian and Soricut, Radu},
  booktitle={Proceedings of the 56th Annual Meeting of the Association for Computational Linguistics (Volume 1: Long Papers)},
  pages={2556--2565},
  year={2018}
}

@InProceedings{balanced_vqa_v2,
author = {Yash Goyal and Tejas Khot and Douglas Summers{-}Stay and Dhruv Batra and Devi Parikh},
title = {Making the {V} in {VQA} Matter: Elevating the Role of Image Understanding in {V}isual {Q}uestion {A}nswering},
booktitle = {Conference on Computer Vision and Pattern Recognition (CVPR)},
year = {2017},
}


@inproceedings{xie2017aggregated,
  title={Aggregated residual transformations for deep neural networks},
  author={Xie, Saining and Girshick, Ross and Doll{\'a}r, Piotr and Tu, Zhuowen and He, Kaiming},
  booktitle={Proceedings of the IEEE conference on computer vision and pattern recognition},
  pages={1492--1500},
  year={2017}
}

@article{zhang2021vinvl,
  title={VinVL: Making Visual Representations Matter in Vision-Language Models},
  author={Zhang, Pengchuan and Li, Xiujun and Hu, Xiaowei and Yang, Jianwei and Zhang, Lei and Wang, Lijuan and Choi, Yejin and Gao, Jianfeng},
  journal={arXiv preprint arXiv:2101.00529},
  year={2021}
}

@article{hu2020vivo,
  title={Vivo: Surpassing human performance in novel object captioning with visual vocabulary pre-training},
  author={Hu, Xiaowei and Yin, Xi and Lin, Kevin and Wang, Lijuan and Zhang, Lei and Gao, Jianfeng and Liu, Zicheng},
  journal={Proceedings of the AAAI Conference on Artificial Intelligence},
  year={2021}
}

@inproceedings{shao2019objects365,
  title={Objects365: A large-scale, high-quality dataset for object detection},
  author={Shao, Shuai and Li, Zeming and Zhang, Tianyuan and Peng, Chao and Yu, Gang and Zhang, Xiangyu and Li, Jing and Sun, Jian},
  booktitle={Proceedings of the IEEE/CVF International Conference on Computer Vision},
  pages={8430--8439},
  year={2019}
}

@inproceedings{papineni2002bleu,
  title={Bleu: a method for automatic evaluation of machine translation},
  author={Papineni, Kishore and Roukos, Salim and Ward, Todd and Zhu, Wei-Jing},
  booktitle={Proceedings of the 40th annual meeting of the Association for Computational Linguistics},
  pages={311--318},
  year={2002}
}

@inproceedings{vedantam2015cider,
  title={Cider: Consensus-based image description evaluation},
  author={Vedantam, Ramakrishna and Lawrence Zitnick, C and Parikh, Devi},
  booktitle={Proceedings of the IEEE conference on computer vision and pattern recognition},
  pages={4566--4575},
  year={2015}
}

@inproceedings{denkowski2014meteor,
  title={Meteor universal: Language specific translation evaluation for any target language},
  author={Denkowski, Michael and Lavie, Alon},
  booktitle={Proceedings of the ninth workshop on statistical machine translation},
  pages={376--380},
  year={2014}
}

@inproceedings{anderson2016spice,
  title={Spice: Semantic propositional image caption evaluation},
  author={Anderson, Peter and Fernando, Basura and Johnson, Mark and Gould, Stephen},
  booktitle={European conference on computer vision},
  pages={382--398},
  year={2016},
  organization={Springer}
}


@article{radford2018improving,
  title={Improving language understanding by generative pre-training},
  author={Radford, Alec and Narasimhan, Karthik and Salimans, Tim and Sutskever, Ilya},
  year={2018}
}

@article{lagler2013gpt2,
  title={GPT2: Empirical slant delay model for radio space geodetic techniques},
  author={Lagler, Klemens and Schindelegger, Michael and B{\"o}hm, Johannes and Kr{\'a}sn{\'a}, Hana and Nilsson, Tobias},
  journal={Geophysical research letters},
  volume={40},
  number={6},
  pages={1069--1073},
  year={2013},
  publisher={Wiley Online Library}
}

@article{brown2020language,
  title={Language models are few-shot learners},
  author={Brown, Tom B and Mann, Benjamin and Ryder, Nick and Subbiah, Melanie and Kaplan, Jared and Dhariwal, Prafulla and Neelakantan, Arvind and Shyam, Pranav and Sastry, Girish and Askell, Amanda and others},
  journal={arXiv preprint arXiv:2005.14165},
  year={2020}
}
@article{clark2020electra,
  title={Electra: Pre-training text encoders as discriminators rather than generators},
  author={Clark, Kevin and Luong, Minh-Thang and Le, Quoc V and Manning, Christopher D},
  journal={arXiv preprint arXiv:2003.10555},
  year={2020}
}

@article{raffel2019exploring,
  title={Exploring the limits of transfer learning with a unified text-to-text transformer},
  author={Raffel, Colin and Shazeer, Noam and Roberts, Adam and Lee, Katherine and Narang, Sharan and Matena, Michael and Zhou, Yanqi and Li, Wei and Liu, Peter J},
  journal={arXiv preprint arXiv:1910.10683},
  year={2019}
}

@article{li2020closer,
  title={A Closer Look at the Robustness of Vision-and-Language Pre-trained Models},
  author={Li, Linjie and Gan, Zhe and Liu, Jingjing},
  journal={arXiv preprint arXiv:2012.08673},
  year={2020}
}


@article{gan2020large,
  title={Large-scale adversarial training for vision-and-language representation learning},
  author={Gan, Zhe and Chen, Yen-Chun and Li, Linjie and Zhu, Chen and Cheng, Yu and Liu, Jingjing},
  journal={arXiv preprint arXiv:2006.06195},
  year={2020}
}

@article{li2020hero,
  title={Hero: Hierarchical encoder for video+ language omni-representation pre-training},
  author={Li, Linjie and Chen, Yen-Chun and Cheng, Yu and Gan, Zhe and Yu, Licheng and Liu, Jingjing},
  journal={arXiv preprint arXiv:2005.00200},
  year={2020}
}

@article{lei2021less,
  title={Less is More: ClipBERT for Video-and-Language Learning via Sparse Sampling},
  author={Lei, Jie and Li, Linjie and Zhou, Luowei and Gan, Zhe and Berg, Tamara L and Bansal, Mohit and Liu, Jingjing},
  journal={arXiv preprint arXiv:2102.06183},
  year={2021}
}

@inproceedings{miech2020end,
  title={End-to-end learning of visual representations from uncurated instructional videos},
  author={Miech, Antoine and Alayrac, Jean-Baptiste and Smaira, Lucas and Laptev, Ivan and Sivic, Josef and Zisserman, Andrew},
  booktitle={Proceedings of the IEEE/CVF Conference on Computer Vision and Pattern Recognition},
  pages={9879--9889},
  year={2020}
}

@inproceedings{zhu2020actbert,
  title={Actbert: Learning global-local video-text representations},
  author={Zhu, Linchao and Yang, Yi},
  booktitle={Proceedings of the IEEE/CVF Conference on Computer Vision and Pattern Recognition},
  pages={8746--8755},
  year={2020}
}


@inproceedings{sun2019videobert,
  title={Videobert: A joint model for video and language representation learning},
  author={Sun, Chen and Myers, Austin and Vondrick, Carl and Murphy, Kevin and Schmid, Cordelia},
  booktitle={Proceedings of the IEEE/CVF International Conference on Computer Vision},
  pages={7464--7473},
  year={2019}
}

@article{desai2020virtex,
  title={Virtex: Learning visual representations from textual annotations},
  author={Desai, Karan and Johnson, Justin},
  journal={arXiv preprint arXiv:2006.06666},
  year={2020}
}

@article{radford2021learning,
  title={Learning transferable visual models from natural language supervision},
  author={Radford, Alec and Kim, Jong Wook and Hallacy, Chris and Ramesh, Aditya and Goh, Gabriel and Agarwal, Sandhini and Sastry, Girish and Askell, Amanda and Mishkin, Pamela and Clark, Jack and others},
  journal={arXiv preprint arXiv:2103.00020},
  year={2021}
}

@article{ramesh2021zero,
  title={Zero-Shot Text-to-Image Generation},
  author={Ramesh, Aditya and Pavlov, Mikhail and Goh, Gabriel and Gray, Scott and Voss, Chelsea and Radford, Alec and Chen, Mark and Sutskever, Ilya},
  journal={arXiv preprint arXiv:2102.12092},
  year={2021}
}

@inproceedings{jiang2020defense,
  title={In defense of grid features for visual question answering},
  author={Jiang, Huaizu and Misra, Ishan and Rohrbach, Marcus and Learned-Miller, Erik and Chen, Xinlei},
  booktitle={Proceedings of the IEEE/CVF Conference on Computer Vision and Pattern Recognition},
  pages={10267--10276},
  year={2020}
}

@article{huang2020pixel,
  title={Pixel-bert: Aligning image pixels with text by deep multi-modal transformers},
  author={Huang, Zhicheng and Zeng, Zhaoyang and Liu, Bei and Fu, Dongmei and Fu, Jianlong},
  journal={arXiv preprint arXiv:2004.00849},
  year={2020}
}

@article{xu2020bert,
  title={Bert-of-theseus: Compressing bert by progressive module replacing},
  author={Xu, Canwen and Zhou, Wangchunshu and Ge, Tao and Wei, Furu and Zhou, Ming},
  journal={arXiv preprint arXiv:2002.02925},
  year={2020}
}

@inproceedings{lu202012,
  title={12-in-1: Multi-task vision and language representation learning},
  author={Lu, Jiasen and Goswami, Vedanuj and Rohrbach, Marcus and Parikh, Devi and Lee, Stefan},
  booktitle={Proceedings of the IEEE/CVF Conference on Computer Vision and Pattern Recognition},
  pages={10437--10446},
  year={2020}
}

@article{yalniz2019billion,
  title={Billion-scale semi-supervised learning for image classification},
  author={Yalniz, I Zeki and J{\'e}gou, Herv{\'e} and Chen, Kan and Paluri, Manohar and Mahajan, Dhruv},
  journal={arXiv preprint arXiv:1905.00546},
  year={2019}
}

@inproceedings{xie2020self,
  title={Self-training with noisy student improves imagenet classification},
  author={Xie, Qizhe and Luong, Minh-Thang and Hovy, Eduard and Le, Quoc V},
  booktitle={Proceedings of the IEEE/CVF Conference on Computer Vision and Pattern Recognition},
  pages={10687--10698},
  year={2020}
}

@inproceedings{li2020unicoder,
  title={Unicoder-vl: A universal encoder for vision and language by cross-modal pre-training},
  author={Li, Gen and Duan, Nan and Fang, Yuejian and Gong, Ming and Jiang, Daxin},
  booktitle={Proceedings of the AAAI Conference on Artificial Intelligence},
  volume={34},
  number={07},
  pages={11336--11344},
  year={2020}
}

@article{wang2020vitaa,
  title={ViTAA: Visual-Textual Attributes Alignment in Person Search by Natural Language},
  author={Wang, Zhe and Fang, Zhiyuan and Wang, Jun and Yang, Yezhou},
  journal={European Conference on Computer Vision (ECCV)},
  year={2020}
}
@article{kuznetsova2020open,
  title={The open images dataset v4},
  author={Kuznetsova, Alina and Rom, Hassan and Alldrin, Neil and Uijlings, Jasper and Krasin, Ivan and Pont-Tuset, Jordi and Kamali, Shahab and Popov, Stefan and Malloci, Matteo and Kolesnikov, Alexander and others},
  journal={International Journal of Computer Vision},
  pages={1--26},
  year={2020},
  publisher={Springer}
}

@InProceedings{Zhang_2017_ICCV,
author = {Zhang, Xiao and Fang, Zhiyuan and Wen, Yandong and Li, Zhifeng and Qiao, Yu},
title = {Range Loss for Deep Face Recognition With Long-Tailed Training Data},
booktitle = {The IEEE International Conference on Computer Vision (ICCV)},
month = {Oct},
year = {2017}
}


@InProceedings{Fang_2019_CVPR,
author = {Fang, Zhiyuan and Kong, Shu and Fowlkes, Charless and Yang, Yezhou},
title = {Modularized Textual Grounding for Counterfactual Resilience},
booktitle = {The IEEE Conference on Computer Vision and Pattern Recognition (CVPR)},
month = {June},
year = {2019}
}

@InProceedings{Gokhale_2019_CVPR_Workshops,
author = {Gokhale, Tejas and Sampat, Shailaja and Fang, Zhiyuan and Yang, Yezhou and Baral, Chitta},
title = {Cooking With Blocks: A Recipe for Visual Reasoning on Image-Pairs},
booktitle = {The IEEE Conference on Computer Vision and Pattern Recognition Workshops},
month = {June},
year = {2019}
}


@article{fang2019temporal,
author = {Fang, Zhiyuan and Kong, Shu and Wang, Zhe and Yan, Fengyu and Fowlkes, Charless and Yang, Yezhou},
title = {Temporal Language Grounding with Referring Attention and Weak Supervision},
journal =  "Under Review",
month = {April},
year = {2019}
}

@article{fang2019Video2Commonsense,
author = {Fang, Zhiyuan and Gokhale, Tejas and Baral, Chitta and Yang, Yezhou},
title = {Video2Commonsense (V2C): Learning to Transform Video Scenes to Commonsense Knowledge},
journal =  "Empirical Methods in Natural Language Processing (EMNLP)",
month = {September},
year = {2020}
}

@article{shao2020cavan,
author = {Shao, Huiliang and Fnag, Zhiyuan and Yang, Yezhou},
title = {CAVAN: Commonsense Knowledge An-
chored Video Captioning},
journal =  "Under Review",
month = {Nov},
year = {2020}
}

@article{fang2020seed,
author = {Fang, Zhiyuan and Wang, Jianfeng and Wang, Lijuan and Lei, Zhang and Yang, Yezhou and Liu, Zicheng},
title = {SEED:
Self-Supervised Distillation for Visual Representation},
journal =  "International Conference on Representation Learning (ICLR)",
month = {May},
year = {2021}
}

% SEED 


@article{mirzadeh2019improved,
  title={Improved Knowledge Distillation via Teacher Assistant},
  author={Mirzadeh, Seyed-Iman and Farajtabar, Mehrdad and Li, Ang and Levine, Nir and Matsukawa, Akihiro and Ghasemzadeh, Hassan},
  journal={arXiv preprint arXiv:1902.03393},
  year={2019}
}

@inproceedings{buciluǎ2006model,
  title={Model compression},
  author={Buciluǎ, Cristian and Caruana, Rich and Niculescu-Mizil, Alexandru},
  booktitle={Proceedings of the 12th ACM SIGKDD international conference on Knowledge discovery and data mining},
  pages={535--541},
  year={2006}
}
@inproceedings{wang2020cross,
  title={Cross-Batch Memory for Embedding Learning},
  author={Wang, Xun and Zhang, Haozhi and Huang, Weilin and Scott, Matthew R},
  booktitle={Proceedings of the IEEE/CVF Conference on Computer Vision and Pattern Recognition},
  pages={6388--6397},
  year={2020}
}
@article{goyal2017accurate,
  title={Accurate, large minibatch sgd: Training imagenet in 1 hour},
  author={Goyal, Priya and Doll{\'a}r, Piotr and Girshick, Ross and Noordhuis, Pieter and Wesolowski, Lukasz and Kyrola, Aapo and Tulloch, Andrew and Jia, Yangqing and He, Kaiming},
  journal={arXiv preprint arXiv:1706.02677},
  year={2017}
}

@article{sun2019patient,
  title={Patient knowledge distillation for bert model compression},
  author={Sun, Siqi and Cheng, Yu and Gan, Zhe and Liu, Jingjing},
  journal={arXiv preprint arXiv:1908.09355},
  year={2019}
}


@article{turc2019well,
  title={Well-read students learn better: On the importance of pre-training compact models},
  author={Turc, Iulia and Chang, Ming-Wei and Lee, Kenton and Toutanova, Kristina},
  journal={arXiv preprint arXiv:1908.08962},
  year={2019}
}

@inproceedings{sun2014deep,
  title={Deep learning face representation by joint identification-verification},
  author={Sun, Yi and Chen, Yuheng and Wang, Xiaogang and Tang, Xiaoou},
  booktitle={Advances in neural information processing systems},
  pages={1988--1996},
  year={2014}
}

@inproceedings{mnih2013learning,
  title={Learning word embeddings efficiently with noise-contrastive estimation},
  author={Mnih, Andriy and Kavukcuoglu, Koray},
  booktitle={Advances in neural information processing systems},
  pages={2265--2273},
  year={2013}
}

@article{kolesnikov2019big,
  title={Big transfer (BiT): General visual representation learning},
  author={Kolesnikov, Alexander and Beyer, Lucas and Zhai, Xiaohua and Puigcerver, Joan and Yung, Jessica and Gelly, Sylvain and Houlsby, Neil},
  journal={arXiv preprint arXiv:1912.11370},
  year={2019}
}

@inproceedings{goyal2019scaling,
  title={Scaling and benchmarking self-supervised visual representation learning},
  author={Goyal, Priya and Mahajan, Dhruv and Gupta, Abhinav and Misra, Ishan},
  booktitle={Proceedings of the IEEE International Conference on Computer Vision},
  pages={6391--6400},
  year={2019}
}


@article{shen2020rethinking,
  title={Rethinking Image Mixture for Unsupervised Visual Representation Learning},
  author={Shen, Zhiqiang and Liu, Zechun and Liu, Zhuang and Savvides, Marios and Darrell, Trevor},
  journal={arXiv preprint arXiv:2003.05438},
  year={2020}
}


@article{tian2020makes,
  title={What makes for good views for contrastive learning},
  author={Tian, Yonglong and Sun, Chen and Poole, Ben and Krishnan, Dilip and Schmid, Cordelia and Isola, Phillip},
  journal={arXiv preprint arXiv:2005.10243},
  year={2020}
}


@article{tian2020makes,
  title={What makes for good views for contrastive learning},
  author={Tian, Yonglong and Sun, Chen and Poole, Ben and Krishnan, Dilip and Schmid, Cordelia and Isola, Phillip},
  journal={arXiv preprint arXiv:2005.10243},
  year={2020}
}

@inproceedings{yang2019patch,
  title={Patch-based discriminative feature learning for unsupervised person re-identification},
  author={Yang, Qize and Yu, Hong-Xing and Wu, Ancong and Zheng, Wei-Shi},
  booktitle={Proceedings of the IEEE Conference on Computer Vision and Pattern Recognition},
  pages={3633--3642},
  year={2019}
}

% pretext


% others

% clustering methods


@inproceedings{caron2019unsupervised,
  title={Unsupervised pre-training of image features on non-curated data},
  author={Caron, Mathilde and Bojanowski, Piotr and Mairal, Julien and Joulin, Armand},
  booktitle={Proceedings of the IEEE International Conference on Computer Vision},
  pages={2959--2968},
  year={2019}
}

% architecture related


@article{loshchilov2016sgdr,
  title={Sgdr: Stochastic gradient descent with warm restarts},
  author={Loshchilov, Ilya and Hutter, Frank},
  journal={arXiv preprint arXiv:1608.03983},
  year={2016}
}

% dataset



@article{kolesnikov2019big,
  title={Big transfer (BiT): General visual representation learning},
  author={Kolesnikov, Alexander and Beyer, Lucas and Zhai, Xiaohua and Puigcerver, Joan and Yung, Jessica and Gelly, Sylvain and Houlsby, Neil},
  journal={arXiv preprint arXiv:1912.11370},
  year={2019}
}


@inproceedings{bossard2014food,
  title={Food-101--mining discriminative components with random forests},
  author={Bossard, Lukas and Guillaumin, Matthieu and Van Gool, Luc},
  booktitle={European conference on computer vision},
  pages={446--461},
  year={2014},
  organization={Springer}
}

@article{griffin2007caltech,
  title={Caltech-256 object category dataset},
  author={Griffin, Gregory and Holub, Alex and Perona, Pietro},
  year={2007},
  publisher={California Institute of Technology}
}

@inproceedings{berg2014birdsnap,
  title={Birdsnap: Large-scale fine-grained visual categorization of birds},
  author={Berg, Thomas and Liu, Jiongxin and Woo Lee, Seung and Alexander, Michelle L and Jacobs, David W and Belhumeur, Peter N},
  booktitle={Proceedings of the IEEE Conference on Computer Vision and Pattern Recognition},
  pages={2011--2018},
  year={2014}
}

@inproceedings{li2017learning,
  title={Learning from noisy labels with distillation},
  author={Li, Yuncheng and Yang, Jianchao and Song, Yale and Cao, Liangliang and Luo, Jiebo and Li, Li-Jia},
  booktitle={Proceedings of the IEEE International Conference on Computer Vision},
  pages={1910--1918},
  year={2017}
}

@inproceedings{snell2017prototypical,
  title={Prototypical networks for few-shot learning},
  author={Snell, Jake and Swersky, Kevin and Zemel, Richard},
  booktitle={Advances in neural information processing systems},
  pages={4077--4087},
  year={2017}
}


@article{masse2018alleviating,
  title={Alleviating catastrophic forgetting using context-dependent gating and synaptic stabilization},
  author={Masse, Nicolas Y and Grant, Gregory D and Freedman, David J},
  journal={Proceedings of the National Academy of Sciences},
  volume={115},
  number={44},
  pages={E10467--E10475},
  year={2018},
  publisher={National Acad Sciences}
}


@inproceedings{coates2011analysis,
  title={An analysis of single-layer networks in unsupervised feature learning},
  author={Coates, Adam and Ng, Andrew and Lee, Honglak},
  booktitle={Proceedings of the fourteenth international conference on artificial intelligence and statistics},
  pages={215--223},
  year={2011}
}

@article{abbasi2020compress,
  title={CompRess: Self-Supervised Learning by Compressing Representations},
  author={Abbasi Koohpayegani, Soroush and Tejankar, Ajinkya and Pirsiavash, Hamed},
  journal={Advances in Neural Information Processing Systems},
  volume={33},
  year={2020}
}


@article{gao2019wslln,
  title={Wslln: Weakly supervised natural language localization networks},
  author={Gao, Mingfei and Davis, Larry S and Socher, Richard and Xiong, Caiming},
  journal={arXiv preprint arXiv:1909.00239},
  year={2019}
}
@article{fang2020video2commonsense,
  title={Video2commonsense: Generating commonsense descriptions to enrich video captioning},
  author={Fang, Zhiyuan and Gokhale, Tejas and Banerjee, Pratyay and Baral, Chitta and Yang, Yezhou},
  journal={arXiv preprint arXiv:2003.05162},
  year={2020}
}

@article{chen2020look,
  title={Look Closer to Ground Better: Weakly-Supervised Temporal Grounding of Sentence in Video},
  author={Chen, Zhenfang and Ma, Lin and Luo, Wenhan and Tang, Peng and Wong, Kwan-Yee K},
  journal={arXiv preprint arXiv:2001.09308},
  year={2020}
}
@article{lin2019weakly,
  title={Weakly-Supervised Video Moment Retrieval via Semantic Completion Network},
  author={Lin, Zhijie and Zhao, Zhou and Zhang, Zhu and Wang, Qi and Liu, Huasheng},
  journal={arXiv preprint arXiv:1911.08199},
  year={2019}
}
@inproceedings{wang2019multi,
  title={Multi-similarity loss with general pair weighting for deep metric learning},
  author={Wang, Xun and Han, Xintong and Huang, Weilin and Dong, Dengke and Scott, Matthew R},
  booktitle={Proceedings of the IEEE Conference on Computer Vision and Pattern Recognition},
  pages={5022--5030},
  year={2019}
}


@INPROCEEDINGS{7298682,
  author={F. {Schroff} and D. {Kalenichenko} and J. {Philbin}},
  booktitle={2015 IEEE Conference on Computer Vision and Pattern Recognition (CVPR)}, 
  title={FaceNet: A unified embedding for face recognition and clustering}, 
  year={2015},
  volume={},
  number={},
  pages={815-823},}



@inproceedings{wang2017untrimmednets,
  title={Untrimmednets for weakly supervised action recognition and detection},
  author={Wang, Limin and Xiong, Yuanjun and Lin, Dahua and Van Gool, Luc},
  booktitle={Proceedings of the IEEE conference on Computer Vision and Pattern Recognition},
  pages={4325--4334},
  year={2017}
}

@article{sikka2014classification,
  title={Classification and weakly supervised pain localization using multiple segment representation},
  author={Sikka, Karan and Dhall, Abhinav and Bartlett, Marian Stewart},
  journal={Image and vision computing},
  volume={32},
  number={10},
  pages={659--670},
  year={2014},
  publisher={Elsevier}
}

@inproceedings{singh2017hide,
  title={Hide-and-seek: Forcing a network to be meticulous for weakly-supervised object and action localization},
  author={Singh, Krishna Kumar and Lee, Yong Jae},
  booktitle={2017 IEEE international conference on computer vision (ICCV)},
  pages={3544--3553},
  year={2017},
  organization={IEEE}
}


@inproceedings{shou2018autoloc,
  title={Autoloc: Weakly-supervised temporal action localization in untrimmed videos},
  author={Shou, Zheng and Gao, Hang and Zhang, Lei and Miyazawa, Kazuyuki and Chang, Shih-Fu},
  booktitle={Proceedings of the European Conference on Computer Vision (ECCV)},
  pages={154--171},
  year={2018}
}

@inproceedings{miech2019howto100m,
  title={Howto100M: Learning a text-video embedding by watching hundred million narrated video clips},
  author={Miech, Antoine and Zhukov, Dimitri and Alayrac, Jean-Baptiste and Tapaswi, Makarand and Laptev, Ivan and Sivic, Josef},
  booktitle={Proceedings of the IEEE International Conference on Computer Vision},
  pages={2630--2640},
  year={2019}
}

@inproceedings{zhang2019man,
  title={Man: Moment alignment network for natural language moment retrieval via iterative graph adjustment},
  author={Zhang, Da and Dai, Xiyang and Wang, Xin and Wang, Yuan-Fang and Davis, Larry S},
  booktitle={Proceedings of the IEEE Conference on Computer Vision and Pattern Recognition},
  pages={1247--1257},
  year={2019}
}

@article{miech2019end,
  title={End-to-End Learning of Visual Representations from Uncurated Instructional Videos},
  author={Miech, Antoine and Alayrac, Jean-Baptiste and Smaira, Lucas and Laptev, Ivan and Sivic, Josef and Zisserman, Andrew},
  journal={arXiv preprint arXiv:1912.06430},
  year={2019}
}



@inproceedings{miech2019howto100m,
  title={Howto100M: Learning a text-video embedding by watching hundred million narrated video clips},
  author={Miech, Antoine and Zhukov, Dimitri and Alayrac, Jean-Baptiste and Tapaswi, Makarand and Laptev, Ivan and Sivic, Josef},
  booktitle={Proceedings of the IEEE International Conference on Computer Vision},
  pages={2630--2640},
  year={2019}
}
@inproceedings{dwibedi2019temporal,
  title={Temporal cycle-consistency learning},
  author={Dwibedi, Debidatta and Aytar, Yusuf and Tompson, Jonathan and Sermanet, Pierre and Zisserman, Andrew},
  booktitle={Proceedings of the IEEE Conference on Computer Vision and Pattern Recognition},
  pages={1801--1810},
  year={2019}
}

@inproceedings{schroff2015facenet,
  title={Facenet: A unified embedding for face recognition and clustering},
  author={Schroff, Florian and Kalenichenko, Dmitry and Philbin, James},
  booktitle={Proceedings of the IEEE conference on computer vision and pattern recognition},
  pages={815--823},
  year={2015}
}
@inproceedings{ge2019mac,
  title={MAC: Mining Activity Concepts for Language-based Temporal Localization.},
  author={et al Ge, Runzhou},
  booktitle={IEEE Winter Conference on Applications of Computer Vision (WACV)},
  year={2018}
}
@inproceedings{liu2018cross,
  title={Cross-modal moment localization in videos.},
  author={Liu, M., Wang, X., Nie, L., Tian, Q., Chen, B., & Chua, T. S.},
  booktitle={In 2018 ACM Multimedia Conference on Multimedia Conference},
  pages={843-851},
  year={2018}
}
@inproceedings{zhou2018end,
  title={End-to-end dense video captioning with masked transformer},
  author={Zhou, Luowei and Zhou, Yingbo and Corso, Jason J and Socher, Richard and Xiong, Caiming},
  booktitle={Proceedings of the IEEE Conference on Computer Vision and Pattern Recognition},
  pages={8739--8748},
  year={2018}
}
@inproceedings{zellers2019recognition,
  title={From recognition to cognition: Visual commonsense reasoning},
  author={Zellers, Rowan and Bisk, Yonatan and Farhadi, Ali and Choi, Yejin},
  booktitle={Proceedings of the IEEE Conference on Computer Vision and Pattern Recognition},
  pages={6720--6731},
  year={2019}
}


@inproceedings{chao2018rethinking,
  title={Rethinking the faster r-cnn architecture for temporal action localization},
  author={Chao, Yu-Wei and Vijayanarasimhan, Sudheendra and Seybold, Bryan and Ross, David A and Deng, Jia and Sukthankar, Rahul},
  booktitle={Proceedings of the IEEE Conference on Computer Vision and Pattern Recognition},
  pages={1130--1139},
  year={2018}
}

@inproceedings{kiros2015skip,
  title={Skip-thought vectors},
  author={Kiros, Ryan and Zhu, Yukun and Salakhutdinov, Ruslan R and Zemel, Richard and Urtasun, Raquel and Torralba, Antonio and Fidler, Sanja},
  booktitle={Advances in neural information processing systems},
  pages={3294--3302},
  year={2015}
}

@InProceedings{Mithun_2019_CVPR,
author = {Mithun, Niluthpol Chowdhury and Paul, Sujoy and Roy-Chowdhury, Amit K.},
title = {Weakly Supervised Video Moment Retrieval From Text Queries},
booktitle = {The IEEE Conference on Computer Vision and Pattern Recognition (CVPR)},
month = {June},
year = {2019}
}

@InProceedings{Hu_2016_CVPR,
author = {Hu, Ronghang and Xu, Huazhe and Rohrbach, Marcus and Feng, Jiashi and Saenko, Kate and Darrell, Trevor},
title = {Natural Language Object Retrieval},
booktitle = {The IEEE Conference on Computer Vision and Pattern Recognition (CVPR)},
month = {June},
year = {2016}
}

@misc{xiao2018bertservice,
  title={bert-as-service},
  author={Xiao, Han},
  howpublished={\url{https://github.com/hanxiao/bert-as-service}},
  year={2018}
}

@article{radford2019language,
  title={Language models are unsupervised multitask learners},
  author={Radford, Alec and Wu, Jeffrey and Child, Rewon and Luan, David and Amodei, Dario and Sutskever, Ilya},
  journal={OpenAI Blog},
  volume={1},
  number={8},
  year={2019}
}



% Sample
@inproceedings{lin2017focal,
  title={Focal loss for dense object detection},
  author={Lin, Tsung-Yi and Goyal, Priya and Girshick, Ross and He, Kaiming and Doll{\'a}r, Piotr},
  booktitle={Proceedings of the IEEE international conference on computer vision},
  pages={2980--2988},
  year={2017}
}
@inproceedings{liu2016ssd,
  title={Ssd: Single shot multibox detector},
  author={Liu, Wei and Anguelov, Dragomir and Erhan, Dumitru and Szegedy, Christian and Reed, Scott and Fu, Cheng-Yang and Berg, Alexander C},
  booktitle={European conference on computer vision},
  pages={21--37},
  year={2016},
  organization={Springer}
}
@inproceedings{shrivastava2016training,
  title={Training region-based object detectors with online hard example mining},
  author={Shrivastava, Abhinav and Gupta, Abhinav and Girshick, Ross},
  booktitle={Proceedings of the IEEE conference on computer vision and pattern recognition},
  pages={761--769},
  year={2016}
}

% instance unsupervised learning


@inproceedings{wang2016learning,
  title={Learning deep structure-preserving image-text embeddings},
  author={Wang, Liwei and Li, Yin and Lazebnik, Svetlana},
  booktitle={Proceedings of the IEEE conference on computer vision and pattern recognition},
  pages={5005--5013},
  year={2016}
}

@article{wang2018learning,
  title={Learning two-branch neural networks for image-text matching tasks},
  author={Wang, Liwei and Li, Yin and Huang, Jing and Lazebnik, Svetlana},
  journal={IEEE Transactions on Pattern Analysis and Machine Intelligence},
  volume={41},
  number={2},
  pages={394--407},
  year={2018},
  publisher={IEEE}
}

@article{scikit-learn,
 title={Scikit-learn: Machine Learning in {P}ython},
 author={Pedregosa, F. and Varoquaux, G. and Gramfort, A. and Michel, V.
         and Thirion, B. and Grisel, O. and Blondel, M. and Prettenhofer, P.
         and Weiss, R. and Dubourg, V. and Vanderplas, J. and Passos, A. and
         Cournapeau, D. and Brucher, M. and Perrot, M. and Duchesnay, E.},
 journal={Journal of Machine Learning Research},
 volume={12},
 pages={2825--2830},
 year={2011}
}

@inproceedings{nguyen2019weakly,
  title={Weakly-supervised action localization with background modeling},
  author={Nguyen, Phuc Xuan and Ramanan, Deva and Fowlkes, Charless C},
  booktitle={Proceedings of the IEEE International Conference on Computer Vision},
  pages={5502--5511},
  year={2019}
}

@inproceedings{zhou2018towards,
  title={Towards automatic learning of procedures from web instructional videos},
  author={Zhou, Luowei and Xu, Chenliang and Corso, Jason J},
  booktitle={Thirty-Second AAAI Conference on Artificial Intelligence},
  year={2018}
}

@inproceedings{gu2018ava,
  title={AVA: A video dataset of spatio-temporally localized atomic visual actions},
  author={Gu, Chunhui and Sun, Chen and Ross, David A and Vondrick, Carl and Pantofaru, Caroline and Li, Yeqing and Vijayanarasimhan, Sudheendra and Toderici, George and Ricco, Susanna and Sukthankar, Rahul and others},
  booktitle={Proceedings of the IEEE Conference on Computer Vision and Pattern Recognition},
  pages={6047--6056},
  year={2018}
}

% Video Action Classification
@inproceedings{soomro2012ucf101,
  title={UCF101: A dataset of 101 human actions classes from videos in the wild},
  author={Soomro, Khurram and Zamir, Amir Roshan and Shah, Mubarak},
  booktitle={Proceedings of the IEEE Conference on Computer Vision and Pattern Recognition},
  year={2012}
}

@inproceedings{yue2015beyond,
  title={Beyond short snippets: Deep networks for video classification},
  author={Yue-Hei Ng, Joe and Hausknecht, Matthew and Vijayanarasimhan, Sudheendra and Vinyals, Oriol and Monga, Rajat and Toderici, George},
  booktitle={Proceedings of the IEEE conference on computer vision and pattern recognition},
  pages={4694--4702},
  year={2015}
}

@inproceedings{donahue2015long,
  title={Long-term recurrent convolutional networks for visual recognition and description},
  author={Donahue, Jeffrey and Anne Hendricks, Lisa and Guadarrama, Sergio and Rohrbach, Marcus and Venugopalan, Subhashini and Saenko, Kate and Darrell, Trevor},
  booktitle={Proceedings of the IEEE conference on computer vision and pattern recognition},
  pages={2625--2634},
  year={2015}
}

@inproceedings{karpathy2014large,
  title={Large-scale video classification with convolutional neural networks},
  author={Karpathy, Andrej and Toderici, George and Shetty, Sanketh and Leung, Thomas and Sukthankar, Rahul and Fei-Fei, Li},
  booktitle={Proceedings of the IEEE conference on Computer Vision and Pattern Recognition},
  pages={1725--1732},
  year={2014}
}

% video features
@inproceedings{tran2015learning,
  title={Learning spatiotemporal features with 3d convolutional networks},
  author={Tran, Du and Bourdev, Lubomir and Fergus, Rob and Torresani, Lorenzo and Paluri, Manohar},
  booktitle={Proceedings of the IEEE international conference on computer vision},
  pages={4489--4497},
  year={2015}
}


@inproceedings{wang2016temporal,
  title={Temporal segment networks: Towards good practices for deep action recognition},
  author={Wang, Limin and Xiong, Yuanjun and Wang, Zhe and Qiao, Yu and Lin, Dahua and Tang, Xiaoou and Van Gool, Luc},
  booktitle={European conference on computer vision},
  pages={20--36},
  year={2016},
  organization={Springer}
}

@inproceedings{carreira2017quo,
  title={Quo vadis, action recognition? a new model and the kinetics dataset},
  author={Carreira, Joao and Zisserman, Andrew},
  booktitle={proceedings of the IEEE Conference on Computer Vision and Pattern Recognition},
  pages={6299--6308},
  year={2017}
}

@inproceedings{simonyan2014two,
  title={Two-stream convolutional networks for action recognition in videos},
  author={Simonyan, Karen and Zisserman, Andrew},
  booktitle={Advances in neural information processing systems},
  pages={568--576},
  year={2014}
}
% Temporal localization
@inproceedings{piergiovanni2018learning,
  title={Learning latent super-events to detect multiple activities in videos},
  author={Piergiovanni, AJ and Ryoo, Michael S},
  booktitle={Proceedings of the IEEE Conference on Computer Vision and Pattern Recognition},
  pages={5304--5313},
  year={2018}
}

@inproceedings{dave2017predictive,
  title={Predictive-corrective networks for action detection},
  author={Dave, Achal and Russakovsky, Olga and Ramanan, Deva},
  booktitle={Proceedings of the IEEE Conference on Computer Vision and Pattern Recognition},
  pages={981--990},
  year={2017}
}

@inproceedings{sigurdsson2017asynchronous,
  title={Asynchronous temporal fields for action recognition},
  author={Sigurdsson, Gunnar A and Divvala, Santosh and Farhadi, Ali and Gupta, Abhinav},
  booktitle={Proceedings of the IEEE Conference on Computer Vision and Pattern Recognition},
  pages={585--594},
  year={2017}
}

@inproceedings{zhao2017temporal,
  title={Temporal action detection with structured segment networks},
  author={Zhao, Yue and Xiong, Yuanjun and Wang, Limin and Wu, Zhirong and Tang, Xiaoou and Lin, Dahua},
  booktitle={Proceedings of the IEEE International Conference on Computer Vision},
  pages={2914--2923},
  year={2017}
}

@inproceedings{xu2019segregated,
  title={Segregated temporal assembly recurrent networks for weakly supervised multiple action detection},
  author={Xu, Yunlu and Zhang, Chengwei and Cheng, Zhanzhan and Xie, Jianwen and Niu, Yi and Pu, Shiliang and Wu, Fei},
  booktitle={Proceedings of the AAAI Conference on Artificial Intelligence},
  volume={33},
  pages={9070--9078},
  year={2019}
}

@inproceedings{richard2016temporal,
  title={Temporal action detection using a statistical language model},
  author={Richard, Alexander and Gall, Juergen},
  booktitle={Proceedings of the IEEE Conference on Computer Vision and Pattern Recognition},
  pages={3131--3140},
  year={2016}
}

@inproceedings{yeung2016end,
  title={End-to-end learning of action detection from frame glimpses in videos},
  author={Yeung, Serena and Russakovsky, Olga and Mori, Greg and Fei-Fei, Li},
  booktitle={Proceedings of the IEEE Conference on Computer Vision and Pattern Recognition},
  pages={2678--2687},
  year={2016}
}

@inproceedings{yuan2017temporal,
  title={Temporal action localization by structured maximal sums},
  author={Yuan, Zehuan and Stroud, Jonathan C and Lu, Tong and Deng, Jia},
  booktitle={Proceedings of the IEEE Conference on Computer Vision and Pattern Recognition},
  pages={3684--3692},
  year={2017}
}

@inproceedings{escorcia2016daps,
  title={Daps: Deep action proposals for action understanding},
  author={Escorcia, Victor and Heilbron, Fabian Caba and Niebles, Juan Carlos and Ghanem, Bernard},
  booktitle={European Conference on Computer Vision},
  pages={768--784},
  year={2016},
  organization={Springer}
}

@inproceedings{yuan2016temporal,
  title={Temporal action localization with pyramid of score distribution features},
  author={Yuan, Jun and Ni, Bingbing and Yang, Xiaokang and Kassim, Ashraf A},
  booktitle={Proceedings of the IEEE Conference on Computer Vision and Pattern Recognition},
  pages={3093--3102},
  year={2016}
}

@inproceedings{buch2017sst,
  title={Sst: Single-stream temporal action proposals},
  author={Buch, Shyamal and Escorcia, Victor and Shen, Chuanqi and Ghanem, Bernard and Carlos Niebles, Juan},
  booktitle={Proceedings of the IEEE conference on Computer Vision and Pattern Recognition},
  pages={2911--2920},
  year={2017}
}

@inproceedings{kalogeiton2017action,
  title={Action tubelet detector for spatio-temporal action localization},
  author={Kalogeiton, Vicky and Weinzaepfel, Philippe and Ferrari, Vittorio and Schmid, Cordelia},
  booktitle={Proceedings of the IEEE International Conference on Computer Vision},
  pages={4405--4413},
  year={2017}
}

@inproceedings{weinzaepfel2015learning,
  title={Learning to track for spatio-temporal action localization},
  author={Weinzaepfel, Philippe and Harchaoui, Zaid and Schmid, Cordelia},
  booktitle={Proceedings of the IEEE international conference on computer vision},
  pages={3164--3172},
  year={2015}
}

@inproceedings{shou2017cdc,
  title={Cdc: Convolutional-de-convolutional networks for precise temporal action localization in untrimmed videos},
  author={Shou, Zheng and Chan, Jonathan and Zareian, Alireza and Miyazawa, Kazuyuki and Chang, Shih-Fu},
  booktitle={Proceedings of the IEEE Conference on Computer Vision and Pattern Recognition},
  pages={5734--5743},
  year={2017}
}

@inproceedings{tran2012max,
  title={Max-margin structured output regression for spatio-temporal action localization},
  author={Tran, Du and Yuan, Junsong},
  booktitle={Advances in neural information processing systems},
  pages={350--358},
  year={2012}
}

@inproceedings{shou2016temporal,
  title={Temporal action localization in untrimmed videos via multi-stage cnns},
  author={Shou, Zheng and Wang, Dongang and Chang, Shih-Fu},
  booktitle={Proceedings of the IEEE Conference on Computer Vision and Pattern Recognition},
  pages={1049--1058},
  year={2016}
}

% Weakly supervised action localization

@inproceedings{bojanowski2014weakly,
  title={Weakly supervised action labeling in videos under ordering constraints},
  author={Bojanowski, Piotr and Lajugie, R{\'e}mi and Bach, Francis and Laptev, Ivan and Ponce, Jean and Schmid, Cordelia and Sivic, Josef},
  booktitle={European Conference on Computer Vision},
  pages={628--643},
  year={2014},
  organization={Springer}
}

@article{yuan2018marginalized,
  title={MARGINALIZED AVERAGE ATTENTIONAL NETWORK FOR WEAKLY-SUPERVISED LEARNING},
  author={Yuan, Yuan and Lyu, Yueming and Shen, Xi and Tsang, Ivor W and Yeung, Dit-Yan},
  year={2018}
}

@inproceedings{poultney2007efficient,
  title={Efficient learning of sparse representations with an energy-based model},
  author={Poultney, Christopher and Chopra, Sumit and Cun, Yann L and others},
  booktitle={Advances in neural information processing systems},
  pages={1137--1144},
  year={2007}
}

@inproceedings{bengio2009curriculum,
  title={Curriculum learning},
  author={Bengio, Yoshua and Louradour, J{\'e}r{\^o}me and Collobert, Ronan and Weston, Jason},
  booktitle={Proceedings of the 26th annual international conference on machine learning},
  pages={41--48},
  year={2009},
  organization={ACM}
}


@article{lecun2006tutorial,
  title={A tutorial on energy-based learning},
  author={LeCun, Yann and Chopra, Sumit and Hadsell, Raia and Ranzato, M and Huang, F},
  journal={Predicting structured data},
  volume={1},
  number={0},
  year={2006}
}


@inproceedings{nguyen2018weakly,
  title={Weakly supervised action localization by sparse temporal pooling network},
  author={Nguyen, Phuc and Liu, Ting and Prasad, Gautam and Han, Bohyung},
  booktitle={Proceedings of the IEEE Conference on Computer Vision and Pattern Recognition},
  pages={6752--6761},
  year={2018}
}

@inproceedings{sun2015temporal,
  title={Temporal localization of fine-grained actions in videos by domain transfer from web images},
  author={Sun, Chen and Shetty, Sanketh and Sukthankar, Rahul and Nevatia, Ram},
  booktitle={Proceedings of the 23rd ACM international conference on Multimedia},
  pages={371--380},
  year={2015},
  organization={ACM}
}


% video retrieval through languages 
@inproceedings{densecap,
  title={DenseCap: Fully Convolutional Localization Networks for Dense Captioning},
  author={Johnson, Justin and Karpathy, Andrej and Fei-Fei, Li},
  booktitle={Proceedings of the IEEE Conference on Computer Vision and 
             Pattern Recognition},
  year={2016}
}


@inproceedings{gao2017tall,
  title={Tall: Temporal activity localization via language query},
  author={Gao, Jiyang and Sun, Chen and Yang, Zhenheng and Nevatia, Ram},
  booktitle={Proceedings of the IEEE International Conference on Computer Vision},
  pages={5267--5275},
  year={2017}
}

@inproceedings{liu2018temporal,
  title={Temporal Modular Networks for Retrieving Complex Compositional Activities in Videos},
  author={Liu, Bingbin and Yeung, Serena and Chou, Edward and Huang, De-An and Fei-Fei, Li and Carlos Niebles, Juan},
  booktitle={Proceedings of the European Conference on Computer Vision (ECCV)},
  pages={552--568},
  year={2018}
}

@inproceedings{zhang2019man,
  title={Man: Moment alignment network for natural language moment retrieval via iterative graph adjustment},
  author={Zhang, Da and Dai, Xiyang and Wang, Xin and Wang, Yuan-Fang and Davis, Larry S},
  booktitle={Proceedings of the IEEE Conference on Computer Vision and Pattern Recognition},
  pages={1247--1257},
  year={2019}
}

@inproceedings{liu2018attentive,
  title={Attentive moment retrieval in videos},
  author={Liu, Meng and Wang, Xiang and Nie, Liqiang and He, Xiangnan and Chen, Baoquan and Chua, Tat-Seng},
  booktitle={The 41st International ACM SIGIR Conference on Research \& Development in Information Retrieval},
  pages={15--24},
  year={2018},
  organization={ACM}
}

@inproceedings{anne2017localizing,
  title={Localizing moments in video with natural language},
  author={Anne Hendricks, Lisa and Wang, Oliver and Shechtman, Eli and Sivic, Josef and Darrell, Trevor and Russell, Bryan},
  booktitle={Proceedings of the IEEE International Conference on Computer Vision},
  pages={5803--5812},
  year={2017}
}

@inproceedings{chen2018temporally,
  title={Temporally grounding natural sentence in video},
  author={Chen, Jingyuan and Chen, Xinpeng and Ma, Lin and Jie, Zequn and Chua, Tat-Seng},
  booktitle={Proceedings of the 2018 Conference on Empirical Methods in Natural Language Processing},
  pages={162--171},
  year={2018}
}

@article{chen2019localizing,
  title={Localizing Natural Language in Videos},
  author={Chen, Jingyuan and Ma, Lin and Chen, Xinpeng and Jie, Zequn and Luo, Jiebo},
  year={2019}
}

@inproceedings{tellex2009towards,
  title={Towards surveillance video search by natural language query},
  author={Tellex, Stefanie and Roy, Deb},
  booktitle={Proceedings of the ACM International Conference on Image and Video Retrieval},
  year={2009},
  organization={ACM}
}


% Video Others
% video captioning
@inproceedings{yu2016video,
  title={Video paragraph captioning using hierarchical recurrent neural networks},
  author={Yu, Haonan and Wang, Jiang and Huang, Zhiheng and Yang, Yi and Xu, Wei},
  booktitle={Proceedings of the IEEE conference on computer vision and pattern recognition},
  pages={4584--4593},
  year={2016}
}
@inproceedings{dong2016early,
  title={Early embedding and late reranking for video captioning},
  author={Dong, Jianfeng and Li, Xirong and Lan, Weiyu and Huo, Yujia and Snoek, Cees GM},
  booktitle={Proceedings of the 24th ACM international conference on Multimedia},
  pages={1082--1086},
  year={2016},
  organization={ACM}
}

@article{gao2017video,
  title={Video captioning with attention-based LSTM and semantic consistency},
  author={Gao, Lianli and Guo, Zhao and Zhang, Hanwang and Xu, Xing and Shen, Heng Tao},
  journal={IEEE Transactions on Multimedia},
  volume={19},
  number={9},
  pages={2045--2055},
  year={2017},
  publisher={IEEE}
}

% video qa
@inproceedings{maharaj2017dataset,
  title={A dataset and exploration of models for understanding video data through fill-in-the-blank question-answering},
  author={Maharaj, Tegan and Ballas, Nicolas and Rohrbach, Anna and Courville, Aaron and Pal, Christopher},
  booktitle={Proceedings of the IEEE Conference on Computer Vision and Pattern Recognition},
  pages={6884--6893},
  year={2017}
}

@inproceedings{xu2017video,
  title={Video question answering via gradually refined attention over appearance and motion},
  author={Xu, Dejing and Zhao, Zhou and Xiao, Jun and Wu, Fei and Zhang, Hanwang and He, Xiangnan and Zhuang, Yueting},
  booktitle={Proceedings of the 25th ACM international conference on Multimedia},
  pages={1645--1653},
  year={2017},
  organization={ACM}
}
@inproceedings{zeng2017leveraging,
  title={Leveraging video descriptions to learn video question answering},
  author={Zeng, Kuo-Hao and Chen, Tseng-Hung and Chuang, Ching-Yao and Liao, Yuan-Hong and Niebles, Juan Carlos and Sun, Min},
  booktitle={Thirty-First AAAI Conference on Artificial Intelligence},
  year={2017}
}

@inproceedings{lei2018tvqa,
  title={TVQA: Localized, Compositional Video Question Answering},
  author={Lei, Jie and Yu, Licheng and Bansal, Mohit and Berg, Tamara L},
  booktitle={EMNLP},
  year={2018}
}


@inproceedings{mishra2018generative,
  title={A generative approach to zero-shot and few-shot action recognition},
  author={Mishra, Ashish and Verma, Vinay Kumar and Reddy, M Shiva Krishna and Arulkumar, S and Rai, Piyush and Mittal, Anurag},
  booktitle={2018 IEEE Winter Conference on Applications of Computer Vision (WACV)},
  pages={372--380},
  year={2018},
  organization={IEEE}
}

@inproceedings{hendricks2018localizing,
  title={Localizing Moments in Video with Temporal Language},
  author={Hendricks, Lisa Anne and Wang, Oliver and Shechtman, Eli and Sivic, Josef and Darrell, Trevor and Russell, Bryan},
  booktitle={Proceedings of Conference on Empirical Methods in Natural Language Processing},
  year={2018}
}

@inproceedings{yuan2019find,
  title={To find where you talk: Temporal sentence localization in video with attention based location regression},
  author={Yuan, Yitian and Mei, Tao and Zhu, Wenwu},
  booktitle={Proceedings of the AAAI Conference on Artificial Intelligence},
  volume={33},
  pages={9159--9166},
  year={2019}
}

@inproceedings{xu2019multilevel,
  title={Multilevel Language and Vision Integration for Text-to-Clip Retrieval},
  author={Xu, Huijuan and He, Kun and Sigal, L and Sclaroff, S and Saenko, K},
  booktitle={AAAI},
  volume={2},
  number={6},
  year={2019}
}

@article{Sharma2015Action,
  title={Action Recognition using Visual Attention},
  author={Sharma, Shikhar and Kiros, Ryan and Salakhutdinov, Ruslan},
  journal={Computer Science},
  year={2015},
}

@article{idrees2017thumos,
  title={The THUMOS challenge on action recognition for videos “in the wild”},
  author={Idrees, Haroon and Zamir, Amir R and Jiang, Yu-Gang and Gorban, Alex and Laptev, Ivan and Sukthankar, Rahul and Shah, Mubarak},
  journal={Computer Vision and Image Understanding},
  volume={155},
  pages={1--23},
  year={2017},
  publisher={Elsevier}
}

@inproceedings{sigurdsson2016hollywood,
  title={Hollywood in homes: Crowdsourcing data collection for activity understanding},
  author={Sigurdsson, Gunnar A and Varol, G{\"u}l and Wang, Xiaolong and Farhadi, Ali and Laptev, Ivan and Gupta, Abhinav},
  booktitle={European Conference on Computer Vision},
  pages={510--526},
  year={2016},
  organization={Springer}
}

@inproceedings{actorobserver,
author = {Gunnar A. Sigurdsson and Abhinav Gupta and Cordelia Schmid and Ali Farhadi and Karteek Alahari},
title={Actor and Observer: Joint Modeling of First and Third-Person Videos},
booktitle={CVPR},
year={2018},
}
      
   

% Causal papers
@article{fire2016learning,
  title={Learning perceptual causality from video},
  author={Fire, Amy and Zhu, Song-Chun},
  journal={ACM Transactions on Intelligent Systems and Technology (TIST)},
  volume={7},
  number={2},
  pages={23},
  year={2016},
  publisher={ACM}
}

@inproceedings{fire2013using,
  title={Using causal induction in humans to learn and infer causality from video},
  author={Fire, Amy and Zhu, Song-Chun},
  booktitle={Proceedings of the Annual Meeting of the Cognitive Science Society},
  volume={35},
  number={35},
  year={2013}
}

% Weakly supervised training
@inproceedings{xu2015learning,
  title={Learning to segment under various forms of weak supervision},
  author={Xu, Jia and Schwing, Alexander G and Urtasun, Raquel},
  booktitle={Proceedings of the IEEE conference on computer vision and pattern recognition},
  pages={3781--3790},
  year={2015}
}

@inproceedings{fang2018modularizedtextual,
  title={Modularized Textual Grounding for Counterfactual Resilience},
  author={Fang, Zhiyuan and Kong, Shu and Fowlkes, Charless and Yang, Yezhou},
  booktitle={Proceedings of the IEEE conference on computer vision and pattern recognition},
  year={2019}
}

% others
@inproceedings{wang2014weakly,
  title={Weakly supervised object localization with latent category learning},
  author={Wang, Chong and Ren, Weiqiang and Huang, Kaiqi and Tan, Tieniu},
  booktitle={European Conference on Computer Vision},
  pages={431--445},
  year={2014},
  organization={Springer}
}
@inproceedings{hartmann2012weakly,
  title={Weakly supervised learning of object segmentations from web-scale video},
  author={Hartmann, Glenn and Grundmann, Matthias and Hoffman, Judy and Tsai, David and Kwatra, Vivek and Madani, Omid and Vijayanarasimhan, Sudheendra and Essa, Irfan and Rehg, James and Sukthankar, Rahul},
  booktitle={European Conference on Computer Vision},
  pages={198--208},
  year={2012},
  organization={Springer}
}
@article{wang2017video,
  title={Video object discovery and co-segmentation with extremely weak supervision},
  author={Wang, Le and Hua, Gang and Sukthankar, Rahul and Xue, Jianru and Niu, Zhenxing and Zheng, Nanning},
  journal={IEEE transactions on pattern analysis and machine intelligence},
  volume={39},
  number={10},
  pages={2074--2088},
  year={2017},
  publisher={IEEE}
}


@inproceedings{ilg2017flownet,
  title={Flownet 2.0: Evolution of optical flow estimation with deep networks},
  author={Ilg, Eddy and Mayer, Nikolaus and Saikia, Tonmoy and Keuper, Margret and Dosovitskiy, Alexey and Brox, Thomas},
  booktitle={Proceedings of the IEEE Conference on Computer Vision and Pattern Recognition},
  pages={2462--2470},
  year={2017}
}

@inproceedings{dosovitskiy2015flownet,
  title={Flownet: Learning optical flow with convolutional networks},
  author={Dosovitskiy, Alexey and Fischer, Philipp and Ilg, Eddy and Hausser, Philip and Hazirbas, Caner and Golkov, Vladimir and Van Der Smagt, Patrick and Cremers, Daniel and Brox, Thomas},
  booktitle={Proceedings of the IEEE international conference on computer vision},
  pages={2758--2766},
  year={2015}
}


% MIML problem
@inproceedings{zhou2007multi,
  title={Multi-instance multi-label learning with application to scene classification},
  author={Zhou, Zhi-Hua and Zhang, Min-Ling},
  booktitle={Advances in neural information processing systems},
  pages={1609--1616},
  year={2007}
}

@article{huang2018fast,
  title={Fast multi-instance multi-label learning},
  author={Huang, Sheng-Jun and Gao, Wei and Zhou, Zhi-Hua},
  journal={IEEE transactions on pattern analysis and machine intelligence},
  year={2018},
  publisher={IEEE}
}

@inproceedings{feng2017deep,
  title={Deep MIML network},
  author={Feng, Ji and Zhou, Zhi-Hua},
  booktitle={Thirty-First AAAI Conference on Artificial Intelligence},
  year={2017}
}

@article{opencv_library,
    author = {Bradski, G.},
    citeulike-article-id = {2236121},
    journal = {Dr. Dobb's Journal of Software Tools},
    keywords = {bibtex-import},
    posted-at = {2008-01-15 19:21:54},
    priority = {4},
    title = {{The OpenCV Library}},
    year = {2000}
}

@inproceedings{zach2007duality,
  title={A duality based approach for realtime TV-L 1 optical flow},
  author={Zach, Christopher and Pock, Thomas and Bischof, Horst},
  booktitle={Joint pattern recognition symposium},
  pages={214--223},
  year={2007},
  organization={Springer}
}

@article{perez2013tv,
  title={TV-L1 optical flow estimation},
  author={P{\'e}rez, Javier S{\'a}nchez and Meinhardt-Llopis, Enric and Facciolo, Gabriele},
  journal={Image Processing On Line},
  volume={2013},
  pages={137--150},
  year={2013}
}

@article{gold1962arrow,
  title={The arrow of time},
  author={Gold, Thomas},
  journal={American Journal of Physics},
  volume={30},
  number={6},
  pages={403--410},
  year={1962},
  publisher={AAPT}
}



% Energy model
@article{lecun2006tutorial,
  title={A tutorial on energy-based learning},
  author={LeCun, Yann and Chopra, Sumit and Hadsell, Raia and Ranzato, M and Huang, F},
  journal={Predicting structured data},
  volume={1},
  number={0},
  year={2006}
}

@article{gers1999learning,
  title={Learning to forget: Continual prediction with LSTM},
  author={Gers, Felix A and Schmidhuber, J{\"u}rgen and Cummins, Fred},
  year={1999},
  publisher={IET}
}


@inproceedings{maron1998framework,
  title={A framework for multiple-instance learning},
  author={Maron, Oded and Lozano-P{\'e}rez, Tom{\'a}s},
  booktitle={Advances in neural information processing systems},
  pages={570--576},
  year={1998}
}

% top-k mil loss
@inproceedings{li2015multiple,
  title={Multiple instance learning for soft bags via top instances},
  author={Li, Weixin and Vasconcelos, Nuno},
  booktitle={Proceedings of the ieee conference on computer vision and pattern recognition},
  pages={4277--4285},
  year={2015}
}

@inproceedings{kim2018textual,
  title={Textual explanations for self-driving vehicles},
  author={Kim, Jinkyu and Rohrbach, Anna and Darrell, Trevor and Canny, John and Akata, Zeynep},
  booktitle={Proceedings of the European Conference on Computer Vision (ECCV)},
  pages={563--578},
  year={2018}
}

@inproceedings{yang2015robot,
  title={Robot learning manipulation action plans by" Watching" unconstrained videos from the world wide web},
  author={Yang, Yezhou and Li, Yi and Fermuller, Cornelia and Aloimonos, Yiannis},
  booktitle={Twenty-Ninth AAAI Conference on Artificial Intelligence},
  year={2015}
}


@inproceedings{oh2011large,
  title={A large-scale benchmark dataset for event recognition in surveillance video},
  author={Oh, Sangmin and Hoogs, Anthony and Perera, Amitha and Cuntoor, Naresh and Chen, Chia-Chih and Lee, Jong Taek and Mukherjee, Saurajit and Aggarwal, JK and Lee, Hyungtae and Davis, Larry and others},
  booktitle={CVPR 2011},
  pages={3153--3160},
  year={2011},
  organization={IEEE}
}
@article{chaquet2013survey,
  title={A survey of video datasets for human action and activity recognition},
  author={Chaquet, Jose M and Carmona, Enrique J and Fern{\'a}ndez-Caballero, Antonio},
  journal={Computer Vision and Image Understanding},
  volume={117},
  number={6},
  pages={633--659},
  year={2013},
  publisher={Elsevier}
}

%
@inproceedings{sadanand2012action,
  title={Action bank: A high-level representation of activity in video},
  author={Sadanand, Sreemanananth and Corso, Jason J},
  booktitle={2012 IEEE Conference on Computer Vision and Pattern Recognition},
  pages={1234--1241},
  year={2012},
  organization={IEEE}
}

@inproceedings{wang2016actions,
  title={Actions\~{} transformations},
  author={Wang, Xiaolong and Farhadi, Ali and Gupta, Abhinav},
  booktitle={Proceedings of the IEEE conference on Computer Vision and Pattern Recognition},
  pages={2658--2667},
  year={2016}
}

@article{ekin2003automatic,
  title={Automatic soccer video analysis and summarization},
  author={Ekin, Ahmet and Tekalp, A Murat and Mehrotra, Rajiv},
  journal={IEEE Transactions on Image processing},
  volume={12},
  number={7},
  pages={796--807},
  year={2003},
  publisher={IEEE}
}

@inproceedings{snoek2005early,
  title={Early versus late fusion in semantic video analysis},
  author={Snoek, Cees GM and Worring, Marcel and Smeulders, Arnold WM},
  booktitle={Proceedings of the 13th annual ACM international conference on Multimedia},
  pages={399--402},
  year={2005},
  organization={ACM}
}

@inproceedings{caba2015activitynet,
  title={Activitynet: A large-scale video benchmark for human activity understanding},
  author={Caba Heilbron, Fabian and Escorcia, Victor and Ghanem, Bernard and Carlos Niebles, Juan},
  booktitle={Proceedings of the IEEE Conference on Computer Vision and Pattern Recognition},
  pages={961--970},
  year={2015}
}
@inproceedings{ryoo2009spatio,
  title={Spatio-temporal relationship match: Video structure comparison for recognition of complex human activities},
  author={Ryoo, Michael S and Aggarwal, Jake K},
  booktitle={2009 IEEE 12th International Conference on Computer Vision (ICCV)},
  pages={1593--1600},
  year={2009},
  organization={IEEE}
}

@inproceedings{siva2011weakly,
  title={Weakly Supervised Action Detection.},
  author={Siva, Parthipan and Xiang, Tao},
  booktitle={BMVC},
  volume={2},
  number={4},
  pages={6},
  year={2011}
}

@inproceedings{huang2016connectionist,
  title={Connectionist temporal modeling for weakly supervised action labeling},
  author={Huang, De-An and Fei-Fei, Li and Niebles, Juan Carlos},
  booktitle={European Conference on Computer Vision},
  pages={137--153},
  year={2016},
  organization={Springer}
}

@inproceedings{nguyen2009weakly,
  title={Weakly supervised discriminative localization and classification: a joint learning process},
  author={Nguyen, Minh Hoai and Torresani, Lorenzo and De La Torre, Fernando and Rother, Carsten},
  booktitle={2009 IEEE 12th International Conference on Computer Vision},
  pages={1925--1932},
  year={2009},
  organization={IEEE}
}

@inproceedings{bojanowski2014weakly,
  title={Weakly supervised action labeling in videos under ordering constraints},
  author={Bojanowski, Piotr and Lajugie, R{\'e}mi and Bach, Francis and Laptev, Ivan and Ponce, Jean and Schmid, Cordelia and Sivic, Josef},
  booktitle={European Conference on Computer Vision},
  pages={628--643},
  year={2014},
  organization={Springer}
}

%
@inproceedings{wang2018bidirectional,
  title={Bidirectional attentive fusion with context gating for dense video captioning},
  author={Wang, Jingwen and Jiang, Wenhao and Ma, Lin and Liu, Wei and Xu, Yong},
  booktitle={Proceedings of the IEEE Conference on Computer Vision and Pattern Recognition},
  pages={7190--7198},
  year={2018}
}


@inproceedings{xu2019joint,
  title={Joint event detection and description in continuous video streams},
  author={Xu, Huijuan and Li, Boyang and Ramanishka, Vasili and Sigal, Leonid and Saenko, Kate},
  booktitle={2019 IEEE Winter Conference on Applications of Computer Vision (WACV)},
  pages={396--405},
  year={2019},
  organization={IEEE}
}

@article{ji20133d,
  title={3D convolutional neural networks for human action recognition},
  author={Ji, Shuiwang and Xu, Wei and Yang, Ming and Yu, Kai},
  journal={IEEE transactions on pattern analysis and machine intelligence},
  volume={35},
  number={1},
  pages={221--231},
  year={2013},
  publisher={IEEE}
}

@inproceedings{feichtenhofer2016convolutional,
  title={Convolutional two-stream network fusion for video action recognition},
  author={Feichtenhofer, Christoph and Pinz, Axel and Zisserman, Andrew},
  booktitle={Proceedings of the IEEE conference on computer vision and pattern recognition},
  pages={1933--1941},
  year={2016}
}


@inproceedings{antol2015vqa,
  title={Vqa: Visual question answering},
  author={Antol, Stanislaw and Agrawal, Aishwarya and Lu, Jiasen and Mitchell, Margaret and Batra, Dhruv and Lawrence Zitnick, C and Parikh, Devi},
  booktitle={Proceedings of the IEEE international conference on computer vision},
  pages={2425--2433},
  year={2015}
}

@misc{THUMOS14,
   author = "Jiang, Y.-G. and Liu, J. and Roshan Zamir, A. and Toderici, G. and Laptev,
   I. and Shah, M. and Sukthankar, R.",
   title = "{THUMOS} Challenge: Action Recognition with a Large
   Number of Classes",
   howpublished = "\url{http://crcv.ucf.edu/THUMOS14/}",
   Year = {2014}}


@inproceedings{li2020unicoder,
  title={Unicoder-vl: A universal encoder for vision and language by cross-modal pre-training},
  author={Li, Gen and Duan, Nan and Fang, Yuejian and Gong, Ming and Jiang, Daxin},
  booktitle={Proceedings of the AAAI Conference on Artificial Intelligence},
  volume={34},
  number={07},
  pages={11336--11344},
  year={2020}
}

@article{fang2021compressing,
  title={Compressing Visual-linguistic Model via Knowledge Distillation},
  author={Fang, Zhiyuan and Wang, Jianfeng and Hu, Xiaowei and Wang, Lijuan and Yang, Yezhou and Liu, Zicheng},
  journal={arXiv preprint arXiv:2104.02096},
  year={2021}
}

@article{kim2021vilt,
  title={ViLT: Vision-and-Language Transformer Without Convolution or Region Supervision},
  author={Kim, Wonjae and Son, Bokyung and Kim, Ildoo},
  journal={arXiv preprint arXiv:2102.03334},
  year={2021}
}

% understant story
@inproceedings{gupta2009understanding,
  title={Understanding videos, constructing plots learning a visually grounded storyline model from annotated videos},
  author={Gupta, Abhinav and Srinivasan, Praveen and Shi, Jianbo and Davis, Larry S},
  booktitle={CVPR},
  year={2009},
}

@book{pearl2000causality,
  title={Causality: models, reasoning and inference},
  author={Pearl, Judea},
  volume={29},
  year={2000},
  publisher={Springer}
}

@inproceedings{ramanathan2013video,
  title={Video event understanding using natural language descriptions},
  author={Ramanathan, Vignesh and Liang, Percy and Fei-Fei, Li},
  booktitle={Proceedings of the IEEE International Conference on Computer Vision},
  pages={905--912},
  year={2013}
}

@inproceedings{zhu2015aligning,
  title={Aligning books and movies: Towards story-like visual explanations by watching movies and reading books},
  author={Zhu, Yukun and Kiros, etc, and Torralba, Antonio and Fidler, Sanja},
  booktitle={CVPR},
  pages={19--27},
  year={2015}
}


% video captioning
@inproceedings{yu2016video,
  title={Video paragraph captioning using hierarchical recurrent neural networks},
  author={Yu, Haonan and Wang, Jiang and Huang, Zhiheng and Yang, Yi and Xu, Wei},
  booktitle={Proceedings of the IEEE conference on computer vision and pattern recognition},
  pages={4584--4593},
  year={2016}
}

@inproceedings{pan2016hierarchical,
  title={Hierarchical recurrent neural encoder for video representation with application to captioning},
  author={Pan, Pingbo and Xu, Zhongwen and Yang, Yi and Wu, Fei and Zhuang, Yueting},
  booktitle={Proceedings of the IEEE Conference on Computer Vision and Pattern Recognition},
  pages={1029--1038},
  year={2016}
}

@inproceedings{pan2017video,
  title={Video captioning with transferred semantic attributes},
  author={Pan, Yingwei and Yao, Ting and Li, Houqiang and Mei, Tao},
  booktitle={Proceedings of the IEEE conference on computer vision and pattern recognition},
  pages={6504--6512},
  year={2017}
}

@article{gao2017video,
  title={Video captioning with attention-based LSTM and semantic consistency},
  author={Gao, Lianli and Guo, Zhao and Zhang, Hanwang and Xu, Xing and Shen, Heng Tao},
  journal={IEEE Transactions on Multimedia},
  volume={19},
  number={9},
  pages={2045--2055},
  year={2017},
  publisher={IEEE}
}

@inproceedings{wang2016temporal,
  title={Temporal segment networks: Towards good practices for deep action recognition},
  author={Wang, Limin and Xiong, Yuanjun and Wang, Zhe and Qiao, Yu and Lin, Dahua and Tang, Xiaoou and Van Gool, Luc},
  booktitle={European conference on computer vision},
  pages={20--36},
  year={2016},
  organization={Springer}
}

@inproceedings{feichtenhofer2016convolutional,
  title={Convolutional two-stream network fusion for video action recognition},
  author={Feichtenhofer, Christoph and Pinz, Axel and Zisserman, Andrew and Huang, Zhiheng and Yang, Yi and Xu, Wei},
  booktitle={Proceedings of the IEEE conference on computer vision and pattern recognition},
  pages={1933--1941},
  year={2016}
}

%vqa
@inproceedings{lei2018tvqa,
  title={TVQA: Localized, Compositional Video Question Answering},
  author={Lei, Jie and Yu, Licheng and Bansal, Mohit and Berg, Tamara L},
  booktitle={EMNLP},
  year={2018}
}
@inproceedings{zhao2018multi,
  title={Multi-Turn Video Question Answering via Multi-Stream Hierarchical Attention Context Network.},
  author={Zhao, Zhou and Jiang, Xinghua and Cai, Deng and Xiao, Jun and He, Xiaofei and Pu, Shiliang},
  booktitle={IJCAI},
  pages={3690--3696},
  year={2018}
}
@inproceedings{gao2018motion,
  title={Motion-appearance co-memory networks for video question answering},
  author={Gao, Jiyang and Ge, Runzhou and Chen, Kan and Nevatia, Ram},
  booktitle={Proceedings of the IEEE Conference on Computer Vision and Pattern Recognition},
  pages={6576--6585},
  year={2018}
}
@inproceedings{tapaswi2016movieqa,
  title={Movieqa: Understanding stories in movies through question-answering},
  author={Tapaswi, Makarand and Zhu, Yukun and Stiefelhagen, Rainer and Torralba, Antonio and Urtasun, Raquel and Fidler, Sanja},
  booktitle={Proceedings of the IEEE conference on computer vision and pattern recognition},
  pages={4631--4640},
  year={2016}
}
@inproceedings{yang2003videoqa,
  title={VideoQA: question answering on news video},
  author={Yang, Hui and Chaisorn, Lekha and Zhao, Yunlong and Neo, Shi-Yong and Chua, Tat-Seng},
  booktitle={Proceedings of the eleventh ACM international conference on Multimedia},
  pages={632--641},
  year={2003},
  organization={ACM}
}
@article{zhu2017uncovering,
  title={Uncovering the temporal context for video question answering},
  author={Zhu, Linchao and Xu, Zhongwen and Yang, Yi and Hauptmann, Alexander G},
  journal={International Journal of Computer Vision},
  volume={124},
  number={3},
  pages={409--421},
  year={2017},
  publisher={Springer}
}


@inproceedings{fang2019modularized,
  title={Modularized textual grounding for counterfactual resilience},
  author={Fang, Zhiyuan and Kong, Shu and Fowlkes, Charless and Yang, Yezhou},
  booktitle={Proceedings of the IEEE Conference on Computer Vision and Pattern Recognition},
  pages={6378--6388},
  year={2019}
}


@article{gokhale2019blocksworld,
  title={Blocksworld Revisited: Learning and Reasoning to Generate Event-Sequences from Image Pairs},
  author={Gokhale, Tejas and Sampat, Shailaja and Fang, Zhiyuan and Yang, Yezhou and Baral, Chitta},
  journal={arXiv preprint arXiv:1905.12042},
  year={2019}
}

@inproceedings{bosselut2019comet,
  title={COMET: Commonsense Transformers for Automatic Knowledge Graph Construction},
  author={Bosselut, Antoine and Rashkin, Hannah and Sap, Maarten and Malaviya, Chaitanya and Celikyilmaz, Asli and Choi, Yejin},
  booktitle={Association for Computational Linguistics},
  year={2019}
}

@inproceedings{sap2018atomic,
  title={Atomic: An atlas of machine commonsense for if-then reasoning},
  author={Sap, Maarten and LeBras, Ronan and Allaway, Emily and Bhagavatula, Chandra and Lourie, Nicholas and Rashkin, Hannah and Roof, Brendan and Smith, Noah A and Choi, Yejin},
  booktitle={AAAI},
  year={2018}
}

@inproceedings{xu2016msr,
  title={Msr-vtt: A large video description dataset for bridging video and language},
  author={Xu, Jun and Mei, Tao and Yao, Ting and Rui, Yong},
  booktitle={Proceedings of the IEEE conference on computer vision and pattern recognition},
  pages={5288--5296},
  year={2016}
}

% infer why in image 
@inproceedings{pirsiavash2014inferring,
  title={Inferring the why in images},
  author={Pirsiavash, Hamed and Vondrick, Carl and Torralba, Antonio},
  year={2014},
  institution={Massachusetts Inst of Tech Cambridge}
}

@inproceedings{vondrick2016predicting,
  title={Predicting motivations of actions by leveraging text},
  author={Vondrick, Carl and Oktay, Deniz and Pirsiavash, Hamed and Torralba, Antonio},
  booktitle={Proceedings of the IEEE Conference on Computer Vision and Pattern Recognition},
  pages={2997--3005},
  year={2016}
}

% psychology
@article{singer1983inferring,
  title={Inferring consequences in story comprehension},
  author={Singer, Murray and Ferreira, Fernanda},
  journal={Journal of Verbal Learning and Verbal Behavior},
  volume={22},
  number={4},
  pages={437--448},
  year={1983},
  publisher={Elsevier}
}

% others
@article{marcus2018deep,
  title={Deep learning: A critical appraisal},
  author={Marcus, Gary},
  journal={arXiv preprint arXiv:1801.00631},
  year={2018}
}

@article{davis2015commonsense,
  title={Commonsense reasoning and commonsense knowledge in artificial intelligence.},
  author={Davis, Ernest and Marcus, Gary},
  journal={Commun. ACM},
  volume={58},
  number={9},
  pages={92--103},
  year={2015}
}

% knowledge
@inproceedings{suchanek2007yago,
  title={Yago: a core of semantic knowledge},
  author={Suchanek, Fabian M and Kasneci, Gjergji and Weikum, Gerhard},
  booktitle={Proceedings of the 16th international conference on World Wide Web},
  pages={697--706},
  year={2007},
  organization={ACM}
}
@article{hoffart2013yago2,
  title={YAGO2: A spatially and temporally enhanced knowledge base from Wikipedia},
  author={Hoffart, Johannes and Suchanek, Fabian M and Berberich, Klaus and Weikum, Gerhard},
  journal={Artificial Intelligence},
  volume={194},
  pages={28--61},
  year={2013},
  publisher={Elsevier}
}
@inproceedings{bunescu2006using,
  title={Using encyclopedic knowledge for named entity disambiguation},
  author={Bunescu, Razvan and Pa{\c{s}}ca, Marius},
  booktitle={11th conference of the European Chapter of the Association for Computational Linguistics},
  year={2006}
}

@inproceedings{sundermeyer2012lstm,
  title={LSTM neural networks for language modeling},
  author={Sundermeyer, Martin and Schl{\"u}ter, Ralf and Ney, Hermann},
  booktitle={ISCA},
  year={2012}
}


@inproceedings{yao2015describing,
  title={Describing videos by exploiting temporal structure},
  author={Yao, Li and Torabi, Atousa and Cho, Kyunghyun and Ballas, Nicolas and Pal, Christopher and Larochelle, Hugo and Courville, Aaron},
  booktitle={IEEE},
  pages={4507--4515},
  year={2015}
}


@inproceedings{krause2016paragraphs,
  title={A Hierarchical Approach for Generating Descriptive Image Paragraphs},
  author={Krause, Jonathan and Johnson, Justin and Krishna, Ranjay and Fei-Fei, Li},
  booktitle={Computer Vision and Patterm Recognition (CVPR)},
  year={2017}
}
@inproceedings{krishna2017dense,
    title={Dense-Captioning Events in Videos},
    author={Krishna, Ranjay and Hata, Kenji and Ren, Frederic and Fei-Fei, Li and Niebles, Juan Carlos},
    booktitle={International Conference on Computer Vision},
    year={2017}
}

@InProceedings{vedantamLinICCV15,
author = {Ramakrishna Vedantam and Xiao Lin and Tanmay Batra and C. Lawrence Zitnick and Devi Parikh},
title = {Learning Common Sense Through Visual Abstraction},
booktitle = {International Conference on Computer Vision},
year = {2015}
}

@inproceedings{chen2013neil,
  title={Neil: Extracting visual knowledge from web data},
  author={Chen, Xinlei and Shrivastava, Abhinav and Gupta, Abhinav},
  booktitle={CVPR},
  pages={1409--1416},
  year={2013}
}


@inproceedings{agrawal2019nocaps,
  title={nocaps: novel object captioning at scale},
  author={Agrawal, Harsh and Desai, Karan and Wang, Yufei and Chen, Xinlei and Jain, Rishabh and Johnson, Mark and Batra, Dhruv and Parikh, Devi and Lee, Stefan and Anderson, Peter},
  booktitle={Proceedings of the IEEE/CVF International Conference on Computer Vision},
  pages={8948--8957},
  year={2019}
}


@inproceedings{gan2017semantic,
  title={Semantic compositional networks for visual captioning},
  author={Gan, Zhe and Gan, Chuang and He, Xiaodong and Pu, Yunchen and Tran, Kenneth and Gao, Jianfeng and Carin, Lawrence and Deng, Li},
  booktitle={Proceedings of the IEEE conference on computer vision and pattern recognition},
  pages={5630--5639},
  year={2017}
}

@inproceedings{vinyals2015show,
  title={Show and tell: A neural image caption generator},
  author={Vinyals, Oriol and Toshev, Alexander and Bengio, Samy and Erhan, Dumitru},
  booktitle={Proceedings of the IEEE conference on computer vision and pattern recognition},
  pages={3156--3164},
  year={2015}
}

@inproceedings{xu2015show,
  title={Show, attend and tell: Neural image caption generation with visual attention},
  author={Xu, Kelvin and Ba, Jimmy and Kiros, Ryan and Cho, Kyunghyun and Courville, Aaron and Salakhudinov, Ruslan and Zemel, Rich and Bengio, Yoshua},
  booktitle={International conference on machine learning},
  pages={2048--2057},
  year={2015},
  organization={PMLR}
}

@inproceedings{ting2019hierarchy,
  title={Hierarchy parsing for image captioning},
  author={Ting, Yao and Pan, Yingwei and Li, Yehao and Mei, Tao},
  booktitle={Proceedings of the IEEE/CVF International Conference on Computer Vision},
  pages={2621--2629},
  year={2019}
}



@inproceedings{rennie2017self,
  title={Self-critical sequence training for image captioning},
  author={Rennie, Steven J and Marcheret, Etienne and Mroueh, Youssef and Ross, Jerret and Goel, Vaibhava},
  booktitle={Proceedings of the IEEE Conference on Computer Vision and Pattern Recognition},
  pages={7008--7024},
  year={2017}
}



% model
@article{dosovitskiy2020image,
  title={An image is worth 16x16 words: Transformers for image recognition at scale},
  author={Dosovitskiy, Alexey and Beyer, Lucas and Kolesnikov, Alexander and Weissenborn, Dirk and Zhai, Xiaohua and Unterthiner, Thomas and Dehghani, Mostafa and Minderer, Matthias and Heigold, Georg and Gelly, Sylvain and others},
  journal={arXiv preprint arXiv:2010.11929},
  year={2020}
}

% vit model
@article{touvron2020training,
  title={Training data-efficient image transformers \& distillation through attention},
  author={Touvron, Hugo and Cord, Matthieu and Douze, Matthijs and Massa, Francisco and Sablayrolles, Alexandre and J{\'e}gou, Herv{\'e}},
  journal={arXiv preprint arXiv:2012.12877},
  year={2020}
}



@article{wu2021cvt,
  title={Cvt: Introducing convolutions to vision transformers},
  author={Wu, Haiping and Xiao, Bin and Codella, Noel and Liu, Mengchen and Dai, Xiyang and Yuan, Lu and Zhang, Lei},
  journal={arXiv preprint arXiv:2103.15808},
  year={2021}
}

@article{liu2021swin,
  title={Swin transformer: Hierarchical vision transformer using shifted windows},
  author={Liu, Ze and Lin, Yutong and Cao, Yue and Hu, Han and Wei, Yixuan and Zhang, Zheng and Lin, Stephen and Guo, Baining},
  journal={arXiv preprint arXiv:2103.14030},
  year={2021}
}

@article{zhang2021multi,
  title={Multi-scale vision longformer: A new vision transformer for high-resolution image encoding},
  author={Zhang, Pengchuan and Dai, Xiyang and Yang, Jianwei and Xiao, Bin and Yuan, Lu and Zhang, Lei and Gao, Jianfeng},
  journal={arXiv preprint arXiv:2103.15358},
  year={2021}
}

@inproceedings{vaswani2021scaling,
  title={Scaling local self-attention for parameter efficient visual backbones},
  author={Vaswani, Ashish and Ramachandran, Prajit and Srinivas, Aravind and Parmar, Niki and Hechtman, Blake and Shlens, Jonathon},
  booktitle={Proceedings of the IEEE/CVF Conference on Computer Vision and Pattern Recognition},
  pages={12894--12904},
  year={2021}
}

% vit for detection
@inproceedings{carion2020end,
  title={End-to-end object detection with transformers},
  author={Carion, Nicolas and Massa, Francisco and Synnaeve, Gabriel and Usunier, Nicolas and Kirillov, Alexander and Zagoruyko, Sergey},
  booktitle={European Conference on Computer Vision},
  pages={213--229},
  year={2020},
  organization={Springer}
}

@article{zhu2020deformable,
  title={Deformable detr: Deformable transformers for end-to-end object detection},
  author={Zhu, Xizhou and Su, Weijie and Lu, Lewei and Li, Bin and Wang, Xiaogang and Dai, Jifeng},
  journal={arXiv preprint arXiv:2010.04159},
  year={2020}
}


@inproceedings{wang2021max,
  title={Max-deeplab: End-to-end panoptic segmentation with mask transformers},
  author={Wang, Huiyu and Zhu, Yukun and Adam, Hartwig and Yuille, Alan and Chen, Liang-Chieh},
  booktitle={Proceedings of the IEEE/CVF Conference on Computer Vision and Pattern Recognition},
  pages={5463--5474},
  year={2021}
}

% scale
@inproceedings{zhou2018scale,
  title={Scale-transferrable object detection},
  author={Zhou, Peng and Ni, Bingbing and Geng, Cong and Hu, Jianguo and Xu, Yi},
  booktitle={proceedings of the IEEE conference on computer vision and pattern recognition},
  pages={528--537},
  year={2018}
}

@inproceedings{li2019scale,
  title={Scale-aware trident networks for object detection},
  author={Li, Yanghao and Chen, Yuntao and Wang, Naiyan and Zhang, Zhaoxiang},
  booktitle={Proceedings of the IEEE/CVF International Conference on Computer Vision},
  pages={6054--6063},
  year={2019}
}

% vit scale

@article{wang2021pyramid,
  title={Pyramid vision transformer: A versatile backbone for dense prediction without convolutions},
  author={Wang, Wenhai and Xie, Enze and Li, Xiang and Fan, Deng-Ping and Song, Kaitao and Liang, Ding and Lu, Tong and Luo, Ping and Shao, Ling},
  journal={arXiv preprint arXiv:2102.12122},
  year={2021}
}

@article{yang2021focal,
  title={Focal Self-attention for Local-Global Interactions in Vision Transformers},
  author={Yang, Jianwei and Li, Chunyuan and Zhang, Pengchuan and Dai, Xiyang and Xiao, Bin and Yuan, Lu and Gao, Jianfeng},
  journal={arXiv preprint arXiv:2107.00641},
  year={2021}
}

% topk
@article{berthet2020learning,
  title={Learning with differentiable perturbed optimizers},
  author={Berthet, Quentin and Blondel, Mathieu and Teboul, Olivier and Cuturi, Marco and Vert, Jean-Philippe and Bach, Francis},
  journal={arXiv preprint arXiv:2002.08676},
  year={2020}
}

% distillation

@article{changpinyo2019decoupled,
  title={Decoupled box proposal and featurization with ultrafine-grained semantic labels improve image captioning and visual question answering},
  author={Changpinyo, Soravit and Pang, Bo and Sharma, Piyush and Soricut, Radu},
  journal={arXiv preprint arXiv:1909.02097},
  year={2019}
}

@article{xu2021e2e,
  title={E2E-VLP: End-to-End Vision-Language Pre-training Enhanced by Visual Learning},
  author={Xu, Haiyang and Yan, Ming and Li, Chenliang and Bi, Bin and Huang, Songfang and Xiao, Wenming and Huang, Fei},
  journal={arXiv preprint arXiv:2106.01804},
  year={2021}
}


@article{yan2021grid,
  title={Grid-VLP: Revisiting Grid Features for Vision-Language Pre-training},
  author={Yan, Ming and Xu, Haiyang and Li, Chenliang and Bi, Bin and Tian, Junfeng and Gui, Min and Wang, Wei},
  journal={arXiv preprint arXiv:2108.09479},
  year={2021}
}


@article{ben2020asymmetric,
  title={Asymmetric loss for multi-label classification},
  author={Ben-Baruch, Emanuel and Ridnik, Tal and Zamir, Nadav and Noy, Asaf and Friedman, Itamar and Protter, Matan and Zelnik-Manor, Lihi},
  journal={arXiv preprint arXiv:2009.14119},
  year={2020}
}

@article{liu2021query2label,
  title={Query2Label: A Simple Transformer Way to Multi-Label Classification},
  author={Liu, Shilong and Zhang, Lei and Yang, Xiao and Su, Hang and Zhu, Jun},
  journal={arXiv preprint arXiv:2107.10834},
  year={2021}
}



@article{you2019large,
  title={Large batch optimization for deep learning: Training bert in 76 minutes},
  author={You, Yang and Li, Jing and Reddi, Sashank and Hseu, Jonathan and Kumar, Sanjiv and Bhojanapalli, Srinadh and Song, Xiaodan and Demmel, James and Keutzer, Kurt and Hsieh, Cho-Jui},
  journal={arXiv preprint arXiv:1904.00962},
  year={2019}
}

@article{krizhevsky2012imagenet,
  title={Imagenet classification with deep convolutional neural networks},
  author={Krizhevsky, Alex and Sutskever, Ilya and Hinton, Geoffrey E},
  journal={Advances in neural information processing systems},
  volume={25},
  pages={1097--1105},
  year={2012}
}

@article{cho2021unifying,
  title={Unifying vision-and-language tasks via text generation},
  author={Cho, Jaemin and Lei, Jie and Tan, Hao and Bansal, Mohit},
  journal={arXiv preprint arXiv:2102.02779},
  year={2021}
}

@inproceedings{lin2004rouge,
  title={Rouge: A package for automatic evaluation of summaries},
  author={Lin, Chin-Yew},
  booktitle={Text summarization branches out},
  pages={74--81},
  year={2004}
}



@inproceedings{banerjee2005meteor,
  title={METEOR: An automatic metric for MT evaluation with improved correlation with human judgments},
  author={Banerjee, Satanjeev and Lavie, Alon},
  booktitle={Proceedings of the acl workshop on intrinsic and extrinsic evaluation measures for machine translation and/or summarization},
  pages={65--72},
  year={2005}
}



@inproceedings{pan2020x,
  title={X-linear attention networks for image captioning},
  author={Pan, Yingwei and Yao, Ting and Li, Yehao and Mei, Tao},
  booktitle={Proceedings of the IEEE/CVF Conference on Computer Vision and Pattern Recognition},
  pages={10971--10980},
  year={2020}
}

@inproceedings{cornia2020meshed,
  title={Meshed-memory transformer for image captioning},
  author={Cornia, Marcella and Stefanini, Matteo and Baraldi, Lorenzo and Cucchiara, Rita},
  booktitle={Proceedings of the IEEE/CVF Conference on Computer Vision and Pattern Recognition},
  pages={10578--10587},
  year={2020}
}

@article{reddi2019convergence,
  title={On the convergence of adam and beyond},
  author={Reddi, Sashank J and Kale, Satyen and Kumar, Sanjiv},
  journal={arXiv preprint arXiv:1904.09237},
  year={2019}
}

@article{anderson2016guided,
  title={Guided open vocabulary image captioning with constrained beam search},
  author={Anderson, Peter and Fernando, Basura and Johnson, Mark and Gould, Stephen},
  journal={arXiv preprint arXiv:1612.00576},
  year={2016}
}


@inproceedings{zhang2021rstnet,
  title={RSTNet: Captioning With Adaptive Attention on Visual and Non-Visual Words},
  author={Zhang, Xuying and Sun, Xiaoshuai and Luo, Yunpeng and Ji, Jiayi and Zhou, Yiyi and Wu, Yongjian and Huang, Feiyue and Ji, Rongrong},
  booktitle={Proceedings of the IEEE/CVF Conference on Computer Vision and Pattern Recognition},
  pages={15465--15474},
  year={2021}
}



@inproceedings{huang2019attention,
  title={Attention on attention for image captioning},
  author={Huang, Lun and Wang, Wenmin and Chen, Jie and Wei, Xiao-Yong},
  booktitle={Proceedings of the IEEE/CVF International Conference on Computer Vision},
  pages={4634--4643},
  year={2019}
}

@inproceedings{yang2019auto,
  title={Auto-encoding scene graphs for image captioning},
  author={Yang, Xu and Tang, Kaihua and Zhang, Hanwang and Cai, Jianfei},
  booktitle={Proceedings of the IEEE/CVF Conference on Computer Vision and Pattern Recognition},
  pages={10685--10694},
  year={2019}
}

@inproceedings{yao2018exploring,
  title={Exploring visual relationship for image captioning},
  author={Yao, Ting and Pan, Yingwei and Li, Yehao and Mei, Tao},
  booktitle={Proceedings of the European conference on computer vision (ECCV)},
  pages={684--699},
  year={2018}
}

@inproceedings{jiang2018recurrent,
  title={Recurrent fusion network for image captioning},
  author={Jiang, Wenhao and Ma, Lin and Jiang, Yu-Gang and Liu, Wei and Zhang, Tong},
  booktitle={Proceedings of the European Conference on Computer Vision (ECCV)},
  pages={499--515},
  year={2018}
}



@article{li2020unimo,
  title={Unimo: Towards unified-modal understanding and generation via cross-modal contrastive learning},
  author={Li, Wei and Gao, Can and Niu, Guocheng and Xiao, Xinyan and Liu, Hao and Liu, Jiachen and Wu, Hua and Wang, Haifeng},
  journal={arXiv preprint arXiv:2012.15409},
  year={2020}
}



@article{loper2002nltk,
  title={Nltk: The natural language toolkit},
  author={Loper, Edward and Bird, Steven},
  journal={arXiv preprint cs/0205028},
  year={2002}
}

@inproceedings{selvaraju2017grad,
  title={Grad-cam: Visual explanations from deep networks via gradient-based localization},
  author={Selvaraju, Ramprasaath R and Cogswell, Michael and Das, Abhishek and Vedantam, Ramakrishna and Parikh, Devi and Batra, Dhruv},
  booktitle={Proceedings of the IEEE international conference on computer vision},
  pages={618--626},
  year={2017}
}

@inproceedings{changpinyo2021conceptual,
  title={Conceptual 12M: Pushing Web-Scale Image-Text Pre-Training To Recognize Long-Tail Visual Concepts},
  author={Changpinyo, Soravit and Sharma, Piyush and Ding, Nan and Soricut, Radu},
  booktitle={Proceedings of the IEEE/CVF Conference on Computer Vision and Pattern Recognition},
  pages={3558--3568},
  year={2021}
}

@inproceedings{chen2020uniter,
  title={Uniter: Universal image-text representation learning},
  author={Chen, Yen-Chun and Li, Linjie and Yu, Licheng and El Kholy, Ahmed and Ahmed, Faisal and Gan, Zhe and Cheng, Yu and Liu, Jingjing},
  booktitle={European conference on computer vision},
  pages={104--120},
  year={2020},
  organization={Springer}
}

@article{wang2021simvlm,
  title={SimVLM: Simple Visual Language Model Pretraining with Weak Supervision},
  author={Wang, Zirui and Yu, Jiahui and Yu, Adams Wei and Dai, Zihang and Tsvetkov, Yulia and Cao, Yuan},
  journal={arXiv preprint arXiv:2108.10904},
  year={2021}
}



@inproceedings{luo2018discriminability,
  title={Discriminability objective for training descriptive captions},
  author={Luo, Ruotian and Price, Brian and Cohen, Scott and Shakhnarovich, Gregory},
  booktitle={Proceedings of the IEEE Conference on Computer Vision and Pattern Recognition},
  pages={6964--6974},
  year={2018}
}

@inproceedings{goyal2017making,
  title={Making the v in vqa matter: Elevating the role of image understanding in visual question answering},
  author={Goyal, Yash and Khot, Tejas and Summers-Stay, Douglas and Batra, Dhruv and Parikh, Devi},
  booktitle={Proceedings of the IEEE Conference on Computer Vision and Pattern Recognition},
  pages={6904--6913},
  year={2017}
}



@article{gan2021playing,
  title={Playing lottery tickets with vision and language},
  author={Gan, Zhe and Chen, Yen-Chun and Li, Linjie and Chen, Tianlong and Cheng, Yu and Wang, Shuohang and Liu, Jingjing},
  journal={arXiv preprint arXiv:2104.11832},
  year={2021}
}

@article{liu2021cptr,
  title={Cptr: Full transformer network for image captioning},
  author={Liu, Wei and Chen, Sihan and Guo, Longteng and Zhu, Xinxin and Liu, Jing},
  journal={arXiv preprint arXiv:2101.10804},
  year={2021}
}

 @misc{karpathy, title={Karpathy/neuraltalk: NeuralTalk is a python+numpy project for learning multimodal recurrent neural networks that describe images with sentences.}, url={https://github.com/karpathy/neuraltalk}, journal={GitHub}, author={Karpathy}} 
 
 @article{liu2021kd,
  title={KD-VLP: Improving End-to-End Vision-and-Language Pretraining with Object Knowledge Distillation},
  author={Liu, Yongfei and Wu, Chenfei and Tseng, Shao-yen and Lal, Vasudev and He, Xuming and Duan, Nan},
  journal={arXiv preprint arXiv:2109.10504},
  year={2021}
}

@article{dou2021empirical,
  title={An Empirical Study of Training End-to-End Vision-and-Language Transformers},
  author={Dou, Zi-Yi and Xu, Yichong and Gan, Zhe and Wang, Jianfeng and Wang, Shuohang and Wang, Lijuan and Zhu, Chenguang and Liu, Zicheng and Zeng, Michael and others},
  journal={arXiv preprint arXiv:2111.02387},
  year={2021}
}

@article{ma2020learning,
  title={Learning deep face representation with long-tail data: An aggregate-and-disperse approach},
  author={Ma, Yuhao and Kan, Meina and Shan, Shiguang and Chen, Xilin},
  journal={Pattern Recognition Letters},
  volume={133},
  pages={48--54},
  year={2020},
  publisher={Elsevier}
}

@inproceedings{ouyang2016factors,
  title={Factors in finetuning deep model for object detection with long-tail distribution},
  author={Ouyang, Wanli and Wang, Xiaogang and Zhang, Cong and Yang, Xiaokang},
  booktitle={Proceedings of the IEEE conference on computer vision and pattern recognition},
  pages={864--873},
  year={2016}
}

@inproceedings{li2020overcoming,
  title={Overcoming classifier imbalance for long-tail object detection with balanced group softmax},
  author={Li, Yu and Wang, Tao and Kang, Bingyi and Tang, Sheng and Wang, Chunfeng and Li, Jintao and Feng, Jiashi},
  booktitle={Proceedings of the IEEE/CVF conference on computer vision and pattern recognition},
  pages={10991--11000},
  year={2020}
}



@article{huangseeing,
  title={Seeing Out of the Box: End-to-End Pre-training for Vision-Language Representation Learning Supplementary Material},
  author={Huang, Zhicheng and Zeng, Zhaoyang and Huang, Yupan and Liu, Bei and Fu, Dongmei and Fu, Jianlong}
}

@article{wang2021vlmo,
  title={VLMo: Unified Vision-Language Pre-Training with Mixture-of-Modality-Experts},
  author={Wang, Wenhui and Bao, Hangbo and Dong, Li and Wei, Furu},
  journal={arXiv preprint arXiv:2111.02358},
  year={2021}
}




@article{fang2021injecting,
  title={Injecting Semantic Concepts into End-to-End Image Captioning},
  author={Fang, Zhiyuan and Wang, Jianfeng and Hu, Xiaowei and Liang, Lin and Gan, Zhe and Wang, Lijuan and Yang, Yezhou and Liu, Zicheng},
  journal={Computer Vision and Pattern Recognition, 2022. CVPR 2022. IEEE},
  year={2022}
}


@article{chang2021webqa,
  title={WebQA: Multihop and Multimodal QA},
  author={Chang, Yingshan and Narang, Mridu and Suzuki, Hisami and Cao, Guihong and Gao, Jianfeng and Bisk, Yonatan},
  journal={arXiv preprint arXiv:2109.00590},
  year={2021}
}

@inproceedings{marino2019ok,
  title={Ok-vqa: A visual question answering benchmark requiring external knowledge},
  author={Marino, Kenneth and Rastegari, Mohammad and Farhadi, Ali and Mottaghi, Roozbeh},
  booktitle={Proceedings of the IEEE/CVF Conference on Computer Vision and Pattern Recognition},
  pages={3195--3204},
  year={2019}
}

@inproceedings{zellers2019vcr,
 author = {Rowan Zellers and
Yonatan Bisk and
Ali Farhadi and
Yejin Choi},
 bibsource = {dblp computer science bibliography, https://dblp.org},
 biburl = {https://dblp.org/rec/conf/cvpr/ZellersBFC19.bib},
 booktitle = {{IEEE} Conference on Computer Vision and Pattern Recognition, {CVPR}
2019, Long Beach, CA, USA, June 16-20, 2019},
 doi = {10.1109/CVPR.2019.00688},
 pages = {6720--6731},
 publisher = {Computer Vision Foundation / {IEEE}},
 timestamp = {Mon, 20 Jan 2020 00:00:00 +0100},
 title = {From Recognition to Cognition: Visual Commonsense Reasoning},
 url = {http://openaccess.thecvf.com/content\_CVPR\_2019/html/Zellers\_From\_Recognition\_to\_Cognition\_Visual\_Commonsense\_Reasoning\_CVPR\_2019\_paper.html},
 year = {2019}
}


@inproceedings{garcia2020knowit,
 author = {Noa Garcia and
Mayu Otani and
Chenhui Chu and
Yuta Nakashima},
 bibsource = {dblp computer science bibliography, https://dblp.org},
 biburl = {https://dblp.org/rec/conf/aaai/GarciaOCN20.bib},
 booktitle = {The Thirty-Fourth {AAAI} Conference on Artificial Intelligence, {AAAI}
2020, The Thirty-Second Innovative Applications of Artificial Intelligence
Conference, {IAAI} 2020, The Tenth {AAAI} Symposium on Educational
Advances in Artificial Intelligence, {EAAI} 2020, New York, NY, USA,
February 7-12, 2020},
 pages = {10826--10834},
 publisher = {{AAAI} Press},
 timestamp = {Wed, 03 Jun 2020 01:00:00 +0200},
 title = {KnowIT {VQA:} Answering Knowledge-Based Questions about Videos},
 url = {https://aaai.org/ojs/index.php/AAAI/article/view/6713},
 year = {2020}
}

@article{wang2017fvqa,
 author = {Wang, Peng and Wu, Qi and Shen, Chunhua and Dick, Anthony and Van Den Hengel, Anton},
 journal = {IEEE transactions on pattern analysis and machine intelligence},
 number = {10},
 pages = {2413--2427},
 publisher = {IEEE},
 title = {Fvqa: Fact-based visual question answering},
 volume = {40},
 year = {2017}
}

@inproceedings{durand2017wildcat,
  title={Wildcat: Weakly supervised learning of deep convnets for image classification, pointwise localization and segmentation},
  author={Durand, Thibaut and Mordan, Taylor and Thome, Nicolas and Cord, Matthieu},
  booktitle={Proceedings of the IEEE conference on computer vision and pattern recognition},
  pages={642--651},
  year={2017}
}

@inproceedings{ge2019weakly,
  title={Weakly supervised complementary parts models for fine-grained image classification from the bottom up},
  author={Ge, Weifeng and Lin, Xiangru and Yu, Yizhou},
  booktitle={Proceedings of the IEEE/CVF Conference on Computer Vision and Pattern Recognition},
  pages={3034--3043},
  year={2019}
}

@inproceedings{bilen2016weakly,
  title={Weakly supervised deep detection networks},
  author={Bilen, Hakan and Vedaldi, Andrea},
  booktitle={Proceedings of the IEEE Conference on Computer Vision and Pattern Recognition},
  pages={2846--2854},
  year={2016}
}

@article{bilen2014weakly,
  title={Weakly supervised object detection with posterior regularization},
  author={Bilen, Hakan and Pedersoli, Marco and Tuytelaars, Tinne},
  journal={Proceedings BMVC 2014},
  pages={1--12},
  year={2014},
  publisher={BMVA Press}
}

@inproceedings{shen2018generative,
  title={Generative adversarial learning towards fast weakly supervised detection},
  author={Shen, Yunhan and Ji, Rongrong and Zhang, Shengchuan and Zuo, Wangmeng and Wang, Yan},
  booktitle={Proceedings of the IEEE Conference on Computer Vision and Pattern Recognition},
  pages={5764--5773},
  year={2018}
}

@article{kervadec2019constrained,
  title={Constrained-CNN losses for weakly supervised segmentation},
  author={Kervadec, Hoel and Dolz, Jose and Tang, Meng and Granger, Eric and Boykov, Yuri and Ayed, Ismail Ben},
  journal={Medical image analysis},
  volume={54},
  pages={88--99},
  year={2019},
  publisher={Elsevier}
}

@article{wei2016stc,
  title={Stc: A simple to complex framework for weakly-supervised semantic segmentation},
  author={Wei, Yunchao and Liang, Xiaodan and Chen, Yunpeng and Shen, Xiaohui and Cheng, Ming-Ming and Feng, Jiashi and Zhao, Yao and Yan, Shuicheng},
  journal={IEEE transactions on pattern analysis and machine intelligence},
  volume={39},
  number={11},
  pages={2314--2320},
  year={2016},
  publisher={IEEE}
}